3084 4900
721 369 871 421 lustum

673 812 839 889 LlBER
865 814 915 885 V.

590 1053 821 1105 suavitatum
837 1052 1008 1107 CAPITUM.

298 1256 328 1319 1.
351 1253 546 1320 Alcibiades
561 1252 667 1317 Siculi
679 1252 760 1319 belli
775 1255 930 1330 conciter,
951 1250 1143 1317 inexilium
1163 1252 1344 1334 profectus,

256 1354 532 1421 lacedemonios
553 1354 599 1418 ad
624 1353 749 1417 bellum
776 1350 1033 1417 Atheniensibus
1057 1352 1262 1419 inferendum
1285 1354 1347 1417 im·

254 1454 357 1538 pellit
401 1454 495 1519 Huic
523 1454 609 1519 bello
639 1454 763 1519 Darius
787 1472 847 1518 rex
876 1452 1051 1519 Persarum
1077 1453 1211 1519 accedit
1233 1455 1346 1519 socius

256 1554 530 1620 Lacedaemoniis.
573 1556 605 1620 2.
626 1552 817 1619 Alcibiadis
846 1574 898 1618 res
923 1563 1024 1637 gestae
1045 1564 1161 1619 contra
1183 1557 1344 1638 patriamt

255 1642 519 1721 Lacedaemoniis
534 1660 725 1738 suspectus,
747 1656 919 1739 negotium
934 1656 1003 1721 illis
1017 1655 1347 1723 facessit'l'isafemis

256 1774 368 1837 opera.
410 1756 443 1818 3.
474 1754 668 1820 Alcibiades
698 1762 820 1821 statum
848 1757 1040 1840 reipublioae
1068 1762 1190 1837 mutet,
1215 1756 1377 1837 deinde,-

255 1855 365 1919 classe
381 1856 551 1933 instructa,
565 1856 601 1919 iu
627 1856 748 1919 bellum
763 1857 873 1940 pergit
885 1855 1046 1923 adversm
1060 1855 1346 1922 lacedaemonios.

255 1956 287 2017 4.
309 1952 454 2019 Navalis
466 1973 587 2037 pugna,
609 1953 698 2019 etde
713 1954 976 2023 Lacedaemniis
992 1956 1091 2023 victis
1104 1958 1148 2021 ab
1167 1954 1347 2022 Alcibiade

255 2060 423 2137 reportata
435 2056 585 2121 victoria.
621 2054 878 2124 Isdesideratns
891 2055 1184 2123 civihusAtheuas
1194 2077 1347 2124 teramus

256 2173 387 2221 summa
408 2174 485 2220 cum
507 2158 651 2223 omnium
674 2156 794 2223 laetitia
817 2158 992 2243 excipitur.
1034 2159 1068 2223 d.
1090 2158 1346 2238 Lacedaemonii,
1411 2180 1422 2199 ·

255 2254 434 2323 Persarum
458 2248 533 2323 freti
556 2258 697 2335 aumlio,
720 2260 906 2325 exercitum
918 2257 1170 2327 Atheniensium
1195 2260 1233 2324 in
1260 2258 1348 2326 Asia

254 2374 410 2443 sparsum
424 2358 621 2443 opprimunt.
659 2359 865 2443 Alcibiades,
880 2362 925 2426 ob
940 2380 1007 2426 rem
1020 2360 1108 2427 male
1122 2368 1248 2444 gestam
1263 2362 1347 2427 ueri·

255 2467 311 2522 urs
321 2461 438 2543 pepuli
451 2461 624 2545 impetum,
637 2461 746 2527 denuo
758 2463 792 2528 in
805 2462 1027 2528 voluntarium
1041 2462 1182 2527 exilium
1194 2461 1349 2546 proticis-

255 2559 352 2626 citua
395 2562 427 2628 6.
449 2560 579 2642 Conon,
603 2561 791 2630 Alcibiadis
815 2583 998 2642 successor,
1012 2562 1347 2628 invalidosetndvos

254 2660 379 2726 milites
392 2669 522 2743 nactus,
536 2665 711 2729 infeliciter
724 2684 794 2730 rem
809 2665 911 2748 gerit3
932 2670 966 2729 et
985 2664 1095 2729 navali
1115 2663 1232 2747 praelio
1245 2683 1346 2747 snpe-
1422 2713 1431 2724 .

254 2766 348 2828 ratus
361 2764 512 2830 concedit
524 2764 568 2830 ad
579 2764 777 2848 Euagoram.
813 2763 1111 2832 cadomensium
1125 2770 1204 2848 pest
1217 2763 1347 2829 cladem

256 2870 430 2950 acceptam
448 2867 566 2933 luctus.
610 2865 643 2933 8.
666 2865 918 2933 Lacedaemonii
940 2866 1088 2932 victores
1103 2867 1186 2931 urbe
1198 2865 1346 2932 Athena·

255 2985 326 3031 mm
355 2966 523 3034 deditione
551 2968 735 3052 potiuntur.
763 2993 764 2998 ¹
802 2967 973 3053 Lysander
1000 2972 1121 3033 statum
1147 2967 1346 3050 reipublicae

255 3075 381 3136 mutat:
403 3069 479 3136 iude
493 3070 626 3150 triginta
637 3069 777 3159 tyranni,
793 3067 948 3138 etcaedes
961 3067 1160 3134 Alcibiadis.
1202 3070 1236 3135 9.
1255 3068 1347 3135 The·

256 3189 415 3250 ramenes,
427 3178 641 3257 tyrannorum
655 3189 756 3248 nnus,
770 3171 822 3236 vir
834 3169 1026 3236 modmatus
1048 3189 1070 3233 a
1089 3169 1226 3253 collegis
1246 3171 1346 3238 truci·

255 3269 365 3335 dstnr.
407 3272 636 3359 Thrasybulus
658 3269 895 3356 rempublicam
918 3271 1104 3356 collapsam
1126 3271 1280 3350 restituit,
1300 3277 1346 3350 et,

255 3371 374 3462 praelio
390 3375 582 3452 commisse,
596 3373 729 3456 triginta
746 3380 960 3460 tyrannorum
973 3371 1192 3451 saevissimos,
1206 3368 1347 3439 Critiam

252 3477 286 3536 et
314 3471 577 3556 Hippolochum,
610 3479 745 3541 mactat.
811 3476 864 3540 10.
905 3473 1134 3559 Thrasybulus
1162 3474 1343 3558 populares

255 3571 420 3656 fugientes
434 3573 568 3656 placide
583 3583 736 3658 revocat3
753 3576 949 3659 superstites
962 3582 1121 3660 tyrannos
1135 3575 1346 3659 nrbepollit:

256 3673 327 3760 qui,
342 3674 421 3740 dum
435 3673 558 3742 bellum
570 3696 723 3760 reparare
738 3677 883 3755 student,
893 3677 1117 3762 comprehensi
1130 3673 1346 3755 trucidantur,

255 3773 409 3860 ἀμνηστίᾳ,
426 3776 460 3841 id
479 3783 542 3854 est,
558 3777 798 3844 discordiarum
813 3779 994 3858 oblivione,
1006 3781 1090 3842 inter
1102 3777 1196 3842 cives
1208 3777 1348 3844 sancite.

256 3876 310 3940 ll.
333 3878 430 3943 Darii
453 3896 555 3956 mors,
580 3879 666 3943 inter
680 3878 779 3962 cujus
792 3878 881 3944 tilios
896 3877 1103 3943 Artaxerxen
1117 3884 1152 3943 et
1164 3876 1289 3961 Cyrum
1302 3879 1348 3945 lis

257 3974 298 4039 de
311 3996 430 4060 reguo;
452 3996 520 4062 qua
534 3977 626 4060 prius
640 3979 675 4042 in
688 3980 871 4057 occultum,
886 3979 1005 4044 deinde
1026 3998 1104 4044 vere
1129 3978 1164 4042 iu
1183 3986 1346 4062 apertum

257 4069 380 4141 bellum
404 4084 608 4162 erumpente,
634 4075 845 4145 Artaxerxes
871 4079 1013 4157 demum,
1040 4077 1137 4144 fratre
1158 4081 1289 4160 ,occisa
1311 4089 1348 4147 et

258 4174 398 4241 victoria
413 4184 445 4242 et
458 4189 559 4260 regno
575 4180 708 4263 petitur.
