3084 4900
575 374 649 423 nro.
671 376 753 427 xer.
776 378 858 431 cnr.
878 366 911 429 4.
1217 343 1283 431 509

185 520 349 605 colloqui.
391 516 473 585 Hoc
487 520 634 605 deniqne
649 519 827 584 discrimen
846 521 931 584 inter
955 522 1070 585 servos
1092 518 1281 604 liberosque

185 628 249 701 ost,
264 622 355 706 qnod
371 624 458 692 servi
474 623 630 706 pedibus,
652 623 750 688 liberi
763 641 833 686 non
846 622 911 687 nisi
927 623 1022 705 equis
1036 622 1205 688 incedunt.
1248 624 1281 688 5.

187 724 390 809 Sepulturar
410 726 508 808 volgo
521 726 708 791 notavium
724 730 783 789 aut
792 728 916 789 ¹cauum
930 725 1070 790 laniatus
1083 726 1172 790 cett*
1188 727 1281 791 nuda

184 828 318 893 domurn
331 848 412 893 ossa
433 836 523 893 terra
545 826 700 894 obruunt.
743 829 775 893 6.
799 826 840 891 ln
865 827 1153 910 superstitionibus
1175 834 1279 911 atque

184 939 287 996 cnra¹
310 931 472 1008 Deorum,
481 932 652 1014 praecipua
666 931 824 995 omnibns
840 930 1005 993 veneratio
1018 937 1081 993 est.
1125 930 1158 993 7.
1181 929 1279 1012 Inge-

182 1032 239 1096 nia
252 1033 339 1114 genti
354 1032 494 1109 tumida,
515 1032 685 1110 seditiose,
710 1032 931 1107 fraudulenta,
952 1031 1129 1114 procacia:
1152 1031 1279 1115 qnippe

183 1133 378 1202 violentiam
392 1121 485 1210 uiris,
507 1133 795 1198 mansuetudinem
808 1133 1004 1197 mulieribus
1018 1133 1202 1221 assignant.
1246 1130 1278 1197 8.

102 1244 107 1251 ’
183 1234 323 1317 Semper
337 1243 401 1299 ant
413 1235 447 1297 in
462 1242 622 1298 externos
636 1242 699 1299 ant
721 1236 755 1298 in
776 1234 981 1298 domesticos
996 1238 1106 1297 motus
1121 1233 1279 1317 inquieti:

182 1343 304 1400 natura
329 1335 445 1401 taciti:
468 1335 512 1399 ad
534 1335 725 1400 laciendum
749 1336 914 1419 quemad
937 1334 1114 1399 dicendum
1139 1334 1278 1418 promti·

183 1455 277 1501 ores:
292 1418 432 1519 proinde
443 1435 594 1500 secundo
608 1436 817 1520 adversaque
829 1435 965 1500 silentio
975 1440 1096 1519 tegunt
1140 1436 1172 1499 9.
1182 1436 1278 1501 Prin-

182 1538 314 1621 cipibus
328 1542 428 1612 metn,
441 1557 507 1601 non
522 1538 649 1621 pudore
662 1544 792 1620 parent.
836 1538 877 1603 In
891 1537 1065 1601 libidinem
1081 1538 1232 1619 projecti,
1242 1540 1278 1602 in

155 1628 158 1638 ’
183 1639 294 1703 cibum
310 1639 415 1721 parci.
459 1640 511 1701 10.
535 1638 637 1703 Fides
651 1637 775 1702 dictis⁴¹
796 1638 1060 1722 promissisque³
1089 1636 1190 1715 nulle,
1212 1638 1278 1702 nisi

183 1745 343 1824 quatenus
357 1739 503 1822 expedit.

225 1839 315 1907 Gne.
339 1859 389 1906 ιν.
432 1843 465 1908 1.
487 1840 573 1905 Post
585 1846 721 1905 mortem
735 1838 926 1905 Alexandri
951 1838 1079 1922 Magni,
1103 1860 1177 1904 cum
1193 1842 1278 1906 inter

182 1960 395 2007 successores
410 1943 481 2026 ejus
504 1939 651 2007 Orientis
673 1960 774 2023 regna
797 1940 1028 2018 dividerentur,
1054 1941 1146 2007 nullo
1161 1941 1277 2007 Mace-

181 2043 301 2107 donum
317 2044 470 2126 dignante
486 2043 687 2108 Parthorum
709 2042 899 2125 imperium,
924 2042 1115 2105 Stasanori¹
1135 2049 1276 2109 externo

182 2143 274 2209 eocio
301 2145 450 2209 traditur.
494 2143 527 2208 2.
551 2141 600 2205 Hi
623 2146 752 2225 postea,
781 2141 948 2207 diductis¹
972 2142 1215 2209 Macedonibus
1242 2148 1277 2209 in

180 2246 304 2309 bellum
319 2246 429 2323 civile,
444 2264 519 2309 cnm
536 2245 657 2307 ceteris
672 2244 858 2325 superioris
875 2234 968 2307 Asiae
992 2244 1129 2327 populis
1154 2246 1276 2311 Eume-

169 2352 245 2429 nen
258 2347 368 2412 secuti
391 2350 485 2411 sunt:
508 2364 576 2428 quo
602 2344 702 2422 victo,
730 2343 776 2407 ad
801 2342 1005 2426 Antigonum
1031 2348 1198 2414 transiere.
1240 2350 1274 2415 3.

181 2447 267 2514 Post
281 2450 369 2514 hunc
385 2469 407 2514 a
422 2448 583 2513 Nicatore
594 2445 748 2525 Seleuco,
762 2464 803 2510 ac
818 2465 899 2512 mox
914 2451 957 2512 ab
969 2446 1138 2514 Antiocho
1148 2459 1183 2516 et
1198 2471 1274 2517 suc·

212 2611 225 2645 ⁸
243 2615 300 2664 Non
309 2631 407 2680 corporo
416 2617 541 2681 nubunt,
555 2617 596 2666 sed
607 2616 740 2680 reliacum
748 2615 844 2664 sonibus
853 2621 877 2666 el
888 2613 969 2664 subur
979 2615 1097 2668 tuasne.

178 2839 227 2888 -2
243 2838 317 2889 Med.
328 2845 353 2891 1.
363 2840 468 2893 holds.
476 2840 554 2891 Bodi.
565 2841 606 2892 ed.
618 2841 683 2892 Veo.
694 2843 764 2892 Flos.
776 2840 848 2891 Med·
865 2841 925 2891 Par.
944 2841 1003 2893 Ald.
1014 2843 1088 2895 duint
1097 2845 1124 2894 ia
1134 2851 1232 2910 superst.
1244 2849 1275 2896 od

178 2917 267 2952 arsut.
302 2905 418 2962 Rectius,
429 2914 460 2955 ut
470 2907 569 2968 opinor.
597 2907 691 2956 Sensus
702 2914 755 2956 est:
776 2905 884 2955 Parthos
896 2907 921 2954 in
933 2908 1168 2968 superstitionibus,
1179 2919 1275 2972 prater

177 2967 257 3029 Deos,
268 2981 356 3018 amnes
366 2983 470 3034 qnoque
479 2970 599 3034 religiose
610 2972 726 3020 venerari
737 2970 826 3020 solitos
837 2967 926 3019 fuisse.
945 2971 1002 3021 Liv.
1012 2983 1090 3020 xxvi.
1102 2979 1125 3022 t.
1136 2973 1274 3024 ‘Praeliunr

178 3045 231 3080 non
248 3031 324 3082 solito
341 3034 418 3084 ruodo
436 3035 547 3084 more
563 3049 594 3084 ec
612 3036 722 3085 tumulto
738 3041 780 3084 est
800 3040 923 3096 coptum,
943 3035 988 3084 sed
1007 3035 1040 3084 sd
1060 3036 1137 3085 nllurn
1151 3038 1275 3100 uirorum,

178 3110 311 3210 tauma,
320 3111 500 3211 :umoremque
508 3099 747 3212 mm’tdhffil?
757 3100 783 3210 iln
796 3099 874 3147 muris
886 3099 1075 3212 Pfflpffoslmln
1086 3100 1196 3212 iffim'
1210 3104 1275 3151 rnol-

180 3175 892 3292 p2¹21202⁰slbl¹fldil‘'illlflhiill‘ilil:
1131 3169 1201 3214 ¹·²·
1211 3169 1237 3216 ⁴·
1248 3172 1274 3216 ⁶·

211 3291 223 3336 1
242 3288 302 3341 Did.
312 3291 425 3340 roslebst
436 3291 551 3340 Freinsb.
568 3291 643 3356 cujus
660 3291 818 3355 conjecture
834 3289 989 3354 astipuletur
1006 3289 1078 3340 Leid.
1090 3293 1114 3341 ³.
1131 3292 1179 3342 sed.
1194 3293 1274 3344 Becb.

671 3452 780 3504 NOTAE

210 3561 379 3626 ‘Sepeltsrd
401 3563 519 3615 Hicmos
537 3565 654 3615 ePereis
673 3564 707 3615 ad
746 3565 936 3616 narretfltrnb.

179 3641 291 3690 Parthos
303 3639 420 3700 defluxit,
431 3642 523 3706 quibos
533 3643 602 3692 idem
613 3641 707 3693 tribuit
779 3649 791 3682 l
808 3641 880 3691 Fides
896 3641 978 3705 distis,
995 3641 1049 3704 tut]
1074 3640 1118 3691 ltn
1141 3641 1274 3706 Lysander

179 3716 281 3766 Herod.
297 3715 440 3769 Immotum
458 3725 542 3768 morte
558 3718 667 3768 sublatis
677 3731 707 3768 os
746 3733 790 3782 ep.
801 3718 873 3769 Plot.
893 3719 1028 3768 veritatem
1048 3718 1126 3767 nihilo
1142 3717 1274 3766 meliorem

178 3793 316 3857 oculosque
327 3793 395 3844 lecte
409 3794 576 3845 obtinebantt
597 3795 706 3844 tunnirn·
746 3808 805 3850 esse
815 3793 959 3854 mendesio,
979 3795 1025 3844 sed
1045 3793 1178 3858 utriusque
1191 3784 1275 3857 digni·

178 3869 276 3932 positos
284 3882 352 3934 eqno
365 3870 451 3919 corvis
459 3870 617 3933 esopiniooe
626 3883 706 3933 expo-
746 3877 829 3923 utem
840 3883 888 3920 usu
899 3869 1010 3920 berturi.

178 3943 285 4008 nebant,
295 3951 335 4007 ut,
350 3946 373 3994 si
384 3945 455 4008 prius
465 3947 555 3995 oculu
565 3945 659 3997 dexter
669 3946 706 3994 la·
778 3952 788 3978 ¹
804 3946 869 3996 Stoa
879 3944 1018 4010 [stagnosi]
1040 3945 1154 4009 hegend.
1165 3951 1207 3994 est
1217 3944 1275 3994 Ste-

179 4026 314 4081 eorsretur
331 4034 348 4069 s
366 4019 462 4081 corvis,
472 4019 579 4083 hectun
593 4020 615 4069 oi
633 4021 706 4070 sinis·
746 4021 834 4077 tortori,
852 4021 894 4070 eni
906 4029 990 4071 lernen
1001 4021 1072 4086 prius
1084 4019 1139 4071 Arii
1151 4027 1179 4069 et
1190 4019 1274 4070 Dran·

179 4102 231 4157 ter,
242 4101 333 4144 contre
344 4094 445 4157 infelix,
455 4095 602 4145 bebetetur.
623 4096 706 4145 Senes
746 4109 786 4146 cre
797 4094 905 4158 subditi,
917 4097 1007 4148 Pnrthi
1019 4111 1081 4148 vero
1091 4096 1225 4160 Nicanori,
1243 4097 1274 4146 li-

179 4171 207 4219 in
228 4178 350 4220 morunt
373 4169 500 4220 deductos
522 4168 592 4220 t'sme
613 4183 706 4221 necere
746 4177 790 4222 cet
826 4172 1015 4238 Phratapherni
1051 4173 1182 4237 subjectos
1210 4172 1274 4222 velit

179 4246 258 4296 noris
275 4257 348 4297 eretz
364 4244 435 4312 qood
453 4245 534 4296 etlam
554 4244 587 4296 de
607 4245 707 4309 Cespiis
747 4246 831 4298 Diod.
