3084 4900
267 350 335 417 512
741 358 890 414 tnsrrrn

267 489 330 575 soli
345 507 611 593 circumjacentis
622 514 716 573 tanta
731 510 867 572 ubertas
880 513 945 585 est,
959 512 1000 571 nt
1012 504 1158 593 propriis
1172 505 1299 590 opibus
1308 524 1368 573 ex·

268 612 407 694 plentur.
451 612 483 675 t.
505 610 529 675 J
531 628 584 674 arn
598 610 736 675 fontium
751 630 792 675 ac
804 610 975 693 sylvarum
989 626 1033 674 ea
1054 610 1158 693 copia
1181 615 1248 687 est,
1271 616 1370 675 utet

268 730 427 795 aquarum
442 713 645 777 abundantia
658 714 822 795 irrigetur,
848 717 884 775 et
899 712 1114 777 venationum
1136 710 1369 795 voluptatibus

267 820 457 879 exornetur.
501 816 534 879 5.
557 814 614 878 Sic
639 813 798 891 Arsaces,
818 814 963 896 quaesito
987 812 1086 878 simul
1110 813 1368 897 constitutoque

270 935 381 999 regno,
395 935 462 981 nou
477 917 587 980 minus
601 916 830 981 memorabilis
846 914 990 992 Parthis,
1002 933 1103 998 quam
1115 912 1232 980 Persis
1246 913 1366 999 Cyrus,

268 1015 515 1081 Macedonibus
531 1015 736 1093 Alexander,
762 1016 926 1080 Romanis
952 1013 1130 1093 Romulus,
1156 1020 1287 1080 matura
1311 1034 1366 1081 se-

267 1124 401 1182 nectute
417 1117 566 1182 decedit:
599 1117 633 1183 6.
656 1117 754 1201 cujus
777 1117 945 1183 memoriae
969 1116 1058 1181 hunc
1080 1116 1236 1181 honorem
1247 1116 1366 1183 Parthi

265 1220 459 1296 tribuerunt,
474 1226 512 1283 ut
526 1236 638 1284 omnes
659 1219 781 1284 exinde
804 1238 902 1303 reges
924 1237 1008 1284 snos
1030 1216 1209 1283 ‘Arsacis'
1229 1220 1364 1283 nomine

265 1326 462 1401 nuncupent.
506 1320 538 1383 7.
561 1320 675 1405 Hujus
690 1320 780 1384 tilius
796 1328 831 1384 et
843 1338 1020 1385 successor
1039 1320 1142 1403 regni,
1168 1316 1315 1384 Arsaces
1327 1329 1364 1387 et

265 1422 338 1503 ipse
353 1422 510 1499 nomine:
532 1421 693 1486 adversus
708 1416 933 1486 Antiochnm‘
950 1410 1089 1486 Seleuci
1098 1418 1214 1499 lilium,
1227 1426 1362 1486 centnm

265 1510 413 1585 'ruillihus
438 1520 589 1605 peditum
612 1528 646 1585 et
670 1523 788 1604 viginti
811 1522 959 1585 millibus
982 1522 1131 1606 equitum
1155 1523 1360 1600 instructum,

265 1622 351 1686 mira
364 1623 488 1687 virtute
505 1623 685 1706 pugnavit3
701 1622 751 1687 'ad
766 1629 976 1706 postremum
999 1623 1034 1686 in
1057 1624 1250 1688 societatem
1265 1623 1363 1707 ejus⁸

266 1730 434 1789 assumtus
447 1729 510 1789 est.
554 1724 586 1787 8.
608 1724 742 1789 Tertius
757 1722 892 1787 Parthis
912 1742 973 1787 rex
995 1723 1191 1806 Priapatius
1204 1724 1276 1801 fuit,
1298 1724 1359 1789 sed

263 1826 386 1911 etipse
400 1822 548 1889 Arsaces
563 1825 683 1889 dictus.
728 1824 832 1903 Nam,
845 1826 935 1889 sicut
950 1844 1056 1908 supra
1070 1826 1199 1890 dictum
1212 1835 1276 1903 est,
1290 1846 1360 1891 om·

263 1946 323 1990 nes
339 1944 434 2009 reges
449 1942 531 1989 suos
550 1925 615 1989 hoc
644 1926 789 2004 nomine,
805 1927 908 1991 sicuti
927 1926 1073 1991 Romani
1097 1926 1264 2005 Caesares,
1289 1924 1360 1992 An·

263 2034 447 2111 gustusque
471 2027 761 2110 cognominavere.
804 2025 836 2089 9.
860 2026 943 2105 Hic,
969 2027 1054 2090 actis
1076 2027 1111 2091 in
1138 2047 1242 2110 regno
1264 2028 1360 2110 qnin-

264 2129 392 2193 decim²
415 2130 520 2208 annis,
536 2128 686 2206 decessit,
699 2128 825 2193 relictis
845 2126 980 2193 duobos
999 2128 1090 2206 tiliis,
1116 2128 1310 2193 Mithridate
1324 2135 1361 2193 et

263 2228 430 2295 Phrahate
441 2251 450 2294 t
461 2250 601 2314 qnorum
612 2230 719 2315 major
728 2226 926 2308 Phradates,
936 2245 1030 2295 moto
1043 2230 1279 2313 gandamurus
1287 2248 1360 2313 reg·

262 2332 307 2408 oi,
323 2330 475 2411 Mardos,
491 2332 636 2398 validam
653 2336 795 2415 gentem,
810 2329 900 2396 hello
915 2330 1063 2411 domuit3
1086 2350 1149 2395 nec
1163 2330 1268 2394 multo
1282 2335 1361 2413 post

261 2432 420 2513 decessit,
436 2434 611 2519 pluribns³
627 2434 705 2500 filiis
717 2433 864 2499 relictis:
886 2432 941 2500 10.
962 2434 1085 2517 quihus
1095 2431 1282 2517 praeteritis,
1291 2430 1358 2495 fra·

260 2537 303 2599 tri
319 2537 532 2618 potissimum
547 2535 741 2612 Mithridati,
756 2535 895 2617 insignis
910 2534 1044 2600 virtutis
1054 2535 1140 2611 viro,
1151 2534 1359 2616 reliquitim-

260 2637 408 2718 perium;
431 2637 510 2720 plus
525 2632 640 2720 regio*
654 2655 755 2720 quam
767 2638 876 2719 patrio
890 2637 1024 2702 deberi⁵
1040 2635 1167 2700 nomini
1179 2641 1282 2713 ratus,
1293 2653 1357 2718 po·

260 2738 393 2820 tiusqne
409 2737 651 2821 pedisequam
667 2736 782 2800 liberis
798 2736 1049 2801 consulendum.

303 2833 393 2902 Otr.
418 2853 467 2900 vt.
521 2839 552 2901 1.
583 2836 709 2900 Eodem
734 2835 838 2901 ferme
859 2848 1022 2922 tempore,
1042 2835 1140 2902 sicuti
1164 2834 1200 2900 iu
1223 2835 1356 2901 Parthis

260 2935 480 3014 Mithridates,
494 2937 541 3002 ita
555 2937 589 3000 iu
606 2937 740 3002 Bactris
753 2936 966 3016 Eucratides,
980 2939 1093 3021 magni
1106 2943 1266 3020 uterque¹
1282 2939 1356 3015 riri,

718 3099 897 3121 ”mmbm

259 3179 455 3245 dumhere-2
472 3184 554 3242 Mart.
564 3184 663 3246 uiginti.
680 3183 954 3235 Portunamnetu.
972 3183 1034 3234 Ald.
1050 3183 1124 3236 lunt.
1142 3183 1201 3232 alia
1219 3196 1253 3232 ne
1270 3183 1356 3231 Μι-

256 3246 360 3296 ciam—8
377 3248 453 3300 anu·
463 3249 551 3296 mattis.
567 3248 690 3308 Medicei,
701 3248 784 3311 Magi.
796 3249 943 3312 heldenses,
952 3250 1051 3298 'ihoan-
1062 3248 1128 3298 coll.
1141 3247 1176 3296 tt.
1191 3198 1305 3309 viatim
1323 3247 1354 3296 c.

256 3317 345 3357 notam
355 3309 480 3358 Sclrafferi
492 3309 525 3359 ad
536 3323 573 3360 xt.
591 3317 630 3360 to.
647 3315 720 3361 6.-4
737 3311 781 3361 Ita
794 3313 876 3376 Magi.
891 3313 936 3361 ed.
953 3314 1019 3362 Van.
1038 3313 1108 3362 ntor.
1124 3311 1188 3360 Par.
1205 3309 1266 3360 ΑΜ.
1276 3311 1355 3360 lunt.

256 3371 352 3420 Verum
367 3373 446 3422 Bech.
457 3372 529 3422 Med.
539 3389 628 3434 regno:
645 3374 764 3439 idemque
775 3377 801 3424 in
813 3377 955 3440 exemplari
966 3377 1042 3442 typis
1058 3391 1154 3426 excuso
1163 3374 1260 3438 reperit
1270 3374 1356 3438 Bong.

256 3441 304 3484 —d
322 3437 396 3484 Rom.
407 3437 458 3484 deb.
469 3451 502 3485 ae.
513 3437 586 3487 Med.
597 3442 622 3488 il.
637 3441 689 3501 plac
699 3440 775 3500 regati
785 3456 810 3504 q.
818 3457 844 3504 p.
855 3441 938 3491 debere
947 3456 982 3491 aa.

289 3504 301 3549 l
320 3499 404 3550 Paria.
415 3503 517 3565 utrique,
529 3501 648 3567 idemque
657 3502 683 3551 in
694 3502 794 3554 dnobus
801 3505 878 3556 codd.
889 3505 1017 3571 mposisse
1024 3519 1053 3558 aa
1062 3508 1173 3554 testatur
1184 3500 1356 3567 Oudendorp.

749 3671 857 3724 NOTAE

287 3789 300 3816 ⁸
316 3783 431 3847 Nortiae]
460 3783 496 3832 Ut
511 3780 693 3846 AEgyptiorutu
705 3795 782 3846 reges
823 3790 930 3834 mentua
941 3791 990 3835 eat.

255 3857 402 3921 Ptolemaei,
436 3857 631 3908 Atheniensium
660 3857 783 3922 Cecropi·
855 3860 1059 3909 tlaaocietatettt
1074 3854 1135 3921 dar]
1169 3855 1227 3908 Pax
1236 3857 1305 3908 eui
1315 3857 1356 3907 in·

254 3933 306 3996 dar,
317 3934 355 3984 ita
368 3936 522 3986 Parthorum
534 3931 677 3998 Amenda,
687 3949 783 3985 nuncu·
823 3940 866 3984 ter
876 3947 921 3984 eoa
930 3948 962 3983 aa
973 3934 1032 3997 lege
1043 3934 1108 3983 inita
1116 3927 1167 3994 est,
1183 3939 1213 3984 ut
1231 3931 1357 3995 Arsacea,

254 4009 311 4071 pati
322 4017 391 4060 sunt.
824 4021 875 4057 una
887 4023 945 4058 curu
956 4007 1097 4069 Antiocho,
1106 4009 1200 4058 bellom
1212 4015 1318 4070 gereret
1325 4009 1356 4058 in

286 4080 429 4134 ‘Adam
438 4084 593 4148 dalmatam]
626 4083 783 4134 Antiochum
824 4083 1015 4147 Enthydamnm
1034 4085 1233 4134 Bactrianorum
1253 4098 1356 4148 regern,

255 4157 379 4220 ttamen
391 4160 521 4222 intelligit,
531 4161 574 4224 qui
583 4161 719 4224 expulsum
727 4159 783 4208 Ma·
823 4159 867 4224 qui
879 4166 966 4210 umen
977 4161 1060 4210 molta
1079 4167 1139 4223 post
1158 4160 1250 4223 pratia
1260 4174 1355 4224 pacem

253 4234 297 4284 dia
307 4233 783 4302 Atraccnadtlyrcauiamnaquener·
824 4235 962 4286 concernit.
