3084 4900
609 389 681 438 nro.
707 391 786 438 xr‘r.
810 393 891 440 cur.
915 377 946 438 1.

617 675 784 752 urana
805 677 920 751 xvr.
944 783 948 790 ἡ

559 883 790 938 ΒΒΕἯΑΒΙΰΜ
808 887 979 940 CAPITUM.

265 1067 294 1129 l.
316 1065 503 1151 Antipater,
519 1067 700 1133 Cassandri
714 1065 817 1144 tilius,
838 1067 877 1132 tit
903 1061 1077 1150 parricida.
1124 1067 1317 1137 Demetrius

222 1166 460 1246 Alexandrum,
491 1167 672 1233 Cassandri
692 1167 811 1246 tilium,
834 1167 1001 1246 interficit,
1023 1177 1056 1236 et
1079 1171 1317 1237 Macedoniam

223 1274 378 1352 occupat.
420 1269 667 1334 nuenarius
695 1271 814 1356 praelio
843 1271 936 1334 lusus
957 1271 1100 1355 fugatur.
1144 1267 1319 1358 Antipater

222 1370 390 1454 parricida
403 1371 493 1437 t'oede
507 1372 605 1456 perit.
641 1370 690 1436 -In
713 1371 893 1437 Cassandri
917 1372 1076 1438 familiam
1090 1375 1232 1440 numinis
1248 1377 1319 1439 vin-

128 1469 131 1472 ’
223 1471 324 1536 dicta
367 1472 545 1539 Ptolemaei
569 1473 739 1558 placidum
771 1473 888 1538 iatum.
931 1475 963 1539 3.
987 1473 1117 1540 Bellum
1144 1477 1260 1562 Pyrrhi
1284 1485 1319 1542 et

225 1573 425 1657 Lysimachi.
449 1575 503 1640 De
518 1572 695 1641 Heracleae
712 1576 838 1660 origine
851 1583 886 1640 et
900 1581 991 1641 statu
1007 1577 1176 1659 digressio.
1199 1581 1230 1642 4.
1247 1577 1319 1643 Cle·

225 1675 328 1755 archi,
352 1679 480 1761 tyranni
503 1679 743 1757 Heracliensis,
771 1686 873 1745 artes.
920 1679 951 1743 5.
976 1677 1111 1758 Quibus
1134 1680 1319 1745 rationibus

225 1775 409 1844 Clearchus
444 1780 653 1864 tyrannidem
682 1780 880 1846 'hmavmit
925 1779 1105 1845 Clearchus
1141 1781 1272 1846 taudem
1299 1801 1321 1846 a

224 1875 351 1944 Chione
379 1890 414 1946 et
443 1883 601 1962 Leoulde,
626 1883 809 1969 juvenibus
835 1881 1061 1959 nobilissimis,
1090 1881 1318 1948 obtruncatur.

224 1979 310 2047 Post
323 1981 475 2050 clearchi
491 1983 697 2069 supplicium
712 1983 887 2050 Heracleae
902 1983 1061 2049 conditio.

268 2317 358 2385 Car.
382 2334 408 2382 1.
455 2317 482 2382 l.
507 2309 592 2384 Post
615 2318 797 2384 Cassandri
811 2319 900 2400 regis
915 2316 1041 2400 filiique
1056 2315 1129 2401 ejus
1150 2316 1321 2403 Philippi·

226 2421 400 2515 continuas
411 2425 544 2500 mortes,
564 2418 799 2485 Thessalonice
811 2419 933 2500 regina,
948 2437 1033 2484 uxor
1045 2416 1239 2499 Cassandri,
1253 2439 1320 2486 uon

226 2543 344 2607 magno
366 2529 444 2607 post
465 2529 624 2605 tempore,
647 2524 690 2587 ab
712 2520 891 2606 Antipatro
912 2520 995 2601 lilio,
1014 2542 1091 2587 curn
1104 2522 1207 2587 vitam
1220 2523 1320 2588 etiam

226 2646 285 2709 per
297 2626 400 2690 ubera
414 2631 562 2689 materna
575 2625 819 2708 deprecaretur,
834 2622 1022 2689 occiditur?
1063 2624 1096 2691 2.
1120 2622 1234 2690 Causa
1244 2644 1321 2708 par·

226 2725 335 2792 ricidii
364 2726 439 2803 suit,
461 2726 552 2810 quod
578 2731 816 2810 postmortem
844 2724 967 2803 mariti,
990 2725 1211 2791 indivisione
1237 2728 1322 2791 inter

225 2828 342 2893 fratres
376 2828 480 2909 regni,
515 2828 713 2910 propensior
744 2824 849 2891 fuisse
885 2822 1100 2909 Alexandro*
1137 2828 1321 2894 videbatur.

226 2929 259 2995 a.
283 2927 383 3008 Quod
409 2927 539 2993 facinus
559 2948 601 2993 eo
618 2928 750 3009 gravius
765 2928 919 2993 omnihus
934 2928 1042 2991 visum
1057 2935 1120 3006 est,
1143 2930 1234 3012 quod
1248 2930 1322 2993 nul·

225 3030 293 3095 lum
308 3035 463 3095 maternae
477 3028 605 3093 fraudis
621 3030 794 3111 vestigium
808 3029 879 3093 fnit.
921 3028 954 3090 4.
978 3026 1176 3113 Quanquam
1196 3030 1231 3093 in
1245 3048 1322 3112 par·

227 3130 348 3197 ricidio
362 3130 457 3196 nulla
471 3131 559 3196 satis
580 3130 675 3215 justa
695 3150 799 3195 causa
817 3129 862 3193 ad
883 3129 1023 3194 sceleris
1038 3131 1223 3213 patrocinia
1234 3148 1321 3213 prar-

226 3232 297 3297 texi
320 3238 459 3316 potest·
515 3234 549 3297 5.
572 3231 628 3297 Oh
652 3230 726 3297 hmo
751 3232 850 3315 igitur
872 3228 1088 3309 Alexander,¹
1110 3231 1145 3295 in
1163 3230 1322 3297 ultionem

226 3338 381 3399 maternae
394 3335 490 3399 necis
508 3339 661 3416 gestuum
674 3334 866 3397 cumfratre
881 3332 1014 3409 bellum,
1037 3332 1197 3397 auxilium
1216 3352 1237 3396 a
1253 3332 1322 3396 De·
1391 3410 1397 3423 ‚
1530 3318 1537 3333 ’

226 3437 344 3499 mento
358 3436 461 3518 petit:
482 3434 516 3500 o.
538 3454 599 3499 nec
621 3434 812 3551 Demetrius
834 3454 893 3517 spe
915 3432 1093 3499 invadendi
1108 3430 1321 3499 Macedonici

259 3623 271 3646 ¹
287 3612 877 3696 Sediaparriridioaallakgitimmnnfferrl
887 3613 1255 3677 permansissemus.

681 3736 862 3758 mm

262 3830 273 3875 l
285 3824 330 3874 ita
339 3823 417 3874 noir.
426 3824 469 3873 ad.
481 3824 563 3874 Beetr.
573 3823 721 3910 vandum.
731 3818 804 3870 Med
811 3818 950 3871 Aldluut.
960 3818 1020 3868 Vei.
1031 3818 1102 3895 Μῃ.
1112 3822 1136 3867 ⁸.
1148 3822 1173 3868 a.
1190 3818 1322 3870 ‘Deorum

228 3882 1324 4015 {teuerstatttertiatuuuat’urttuute

718 4090 827 4143 NOTAE
850 4100 853 4107 ’

260 4218 273 4243 ·
289 4207 409 4272 Philippi]
425 4204 754 4272 anteradensem
827 4206 842 4235 '
861 4204 893 4256 A.
905 4206 945 4255 Μ.
961 4206 1033 4253 titt.
1067 4204 1214 4256 Olim.
1247 4204 1279 4257 U.
1291 4206 1321 4257 C.

230 4280 613 4348 sander,aanomorternohiit.
795 4288 850 4335 tit.
884 4280 1071 4333 Achillam.
