3084 4900
234 389 301 456 26⁰
706 402 857 453 tuentur

237 547 268 612 2.
294 547 369 612 Nec
384 547 549 612 Eumenes
562 563 689 610 meram
708 547 827 630 prmlio
843 543 937 625 iecit3
960 542 1020 627 qui
1035 544 1159 610 vietue⁴
1174 545 1209 610 in
1222 547 1327 612 munl-

237 654 306 714 tnm
319 647 488 733 quoddam
503 647 690 712 castellum·
710 645 877 728 confugit:
905 645 938 710 3.
961 645 1019 708 ubi
1041 665 1116 709 cum
1137 647 1266 712 rideret
1288 667 1326 712 se

235 749 398 813 fortunam
425 746 607 812 obsidionis
635 747 834 824 subiturum,
862 743 1021 827 majorem
1049 745 1226 812 exercitus‘
1250 767 1328 831 par·

236 856 301 915 mm
330 848 466 924 dimisit,
493 867 534 911 ne
561 854 621 912 aut
647 866 812 914 consensu
841 845 1062 911 multitudinis
1095 848 1183 913 hosti
1216 848 1327 912 trade·

235 954 332 1025 retur,
348 955 407 1012 aut
427 946 559 1012 obsidio
574 948 653 1030 ipsa
666 945 873 1012 multitudine
888 953 1086 1029 gravaretur.
1126 952 1157 1012 t.
1172 949 1328 1032 Legatos·

234 1047 355 1114 deinde
383 1047 426 1111 ad
453 1045 675 1127 Antipatrum,
711 1046 771 1130 qui
799 1047 890 1110 solus
919 1066 979 1130 par
1014 1046 1171 1130 Antigoni
1199 1051 1326 1116 viribus

234 1149 422 1224 videbatur,
449 1147 618 1229 supplices
643 1147 763 1212 mittit:
793 1163 905 1230 equo
935 1167 1009 1212 oum
1034 1150 1161 1214 auxilia
1187 1150 1326 1215 Eumeni

235 1251 340 1314 missa
367 1245 555 1330 Antigonus
585 1246 768 1324 didicisset,
796 1249 840 1312 ab
876 1246 1072 1318 obsidione¹¹
1102 1251 1260 1316 recessit,
1294 1255 1325 1317 5.

235 1350 317 1414 Erat
341 1348 474 1432 quidem
504 1349 632 1413 solutus
662 1347 705 1412 ad
734 1352 865 1431 tempus
890 1355 980 1412 metu
1001 1350 1116 1415 mortis
1143 1351 1324 1418 Eumenes:

233 1452 294 1516 sed
318 1470 380 1515 uec
403 1450 533 1526 salutis,
557 1449 697 1514 dimisso
723 1450 884 1525 exercitu,
912 1469 1034 1532 magna
1060 1471 1139 1534 spes
1164 1460 1245 1517 erat.
1292 1455 1325 1520 6.

235 1552 357 1617 Omnia
390 1553 490 1633 igitur
521 1545 817 1634 circumspicienti¹
848 1551 1010 1633 optimum
1045 1553 1153 1616 visum
1187 1560 1249 1632 est,
1281 1554 1325 1620 ad

234 1651 415 1718 Alexandri
442 1650 559 1734 Magni
583 1645 854 1733 Argyraspidas,k
880 1649 1040 1717 invictum
1068 1654 1265 1731 exercitum,
1289 1663 1326 1720 et

233 1760 286 1819 tot
309 1753 520 1818 victoriarum
543 1750 795 1836 praefulgentem
824 1751 941 1834 gloria,
972 1752 1164 1824 decurreret
1207 1758 1239 1820 7.
1257 1755 1324 1820 Sed

233 1853 479 1937 Argyraspides
514 1858 594 1936 post
632 1851 859 1917 Alexandrum
895 1871 1007 1916 omnes
1049 1853 1152 1919 duces
1194 1855 1325 1920 fastidi·

233 1956 344 2032 ebant,
366 1953 535 2018 sordidam
558 1954 709 2018 militiam
735 1955 797 2017 sub
825 1950 913 2030 aliis,
940 1958 1018 2036 post
1040 1955 1123 2019 tanti
1144 1957 1232 2038 regis
1256 1975 1324 2020 me·

232 2056 382 2131 moriam,
409 2055 651 2120 existimantes.
699 2053 731 2118 8.
753 2053 873 2137 Itaque
903 2053 1066 2118 Eumenes
1092 2056 1325 2122 blandimentis

231 2151 349 2236 agere,¹
379 2154 579 2238 suppliciter
606 2156 755 2238 singulos
782 2155 919 2238 alloqui,
946 2173 1033 2221 nunc
1059 2158 1324 2223 ‘commilitones

233 2252 335 2333 suos,'
359 2273 443 2319 nunc
473 2256 670 2338 ‘patronos’
700 2257 886 2340 appellans,
911 2275 1000 2323 nunc
1022 2259 1268 2342 ‘periculorum
1290 2263 1324 2322 et

724 2462 834 2513 Nouis

262 2572 276 2606 ⁴
299 2574 350 2630 Qsi
372 2574 459 2638 eletas]
483 2574 633 2626 Proditioue
652 2573 758 2637 Apello-
798 2586 901 2622 rurrnem
913 2570 1018 2620 allicere
1029 2574 1176 2629 conaretur,
1195 2568 1325 2620 Eumenes

230 2648 298 2700 nidis
309 2650 424 2714 equitum
435 2650 564 2714 preteeti,
584 2651 627 2714 qui
647 2649 757 2713 pecunia
797 2662 855 2697 cum
867 2647 918 2697 suis
937 2645 1008 2695 abire
1027 2644 1166 2709 permissus
1177 2650 1227 2707 est,
1240 2644 1322 2695 inscio

230 2734 366 2787 corruptus
376 2725 409 2775 ad
421 2733 509 2789 partes
519 2725 654 2787 Antigoni,
664 2724 755 2773 relicto
797 2720 937 2785 Antigono,
946 2720 989 2785 qul
1002 2720 1114 2784 gratnm
1125 2720 1152 2769 id
1164 2720 1232 2771 tulit.
1254 2721 1322 2771 liare

230 2800 354 2861 Eumene,
370 2800 430 2850 dum
442 2801 559 2864 pralium
575 2798 754 2858 committltur,
796 2798 873 2848 Diod.
885 2803 912 2845 et
924 2795 994 2845 Plut.

229 2887 290 2923 curn
300 2875 416 2939 equitatu
427 2877 537 2927 transiit.
825 2871 832 2905 ¹
850 2870 1236 2934 Omlflldffllifffflmlffifflffl
1253 2872 1322 2922 Mul·

261 2950 429 3013 acuemus]
458 2951 554 3001 Noram
582 2955 658 2999 vocat
683 2948 754 2999 Plut.
795 2948 870 2999 taibi
879 2956 906 2998 et
918 2946 1015 2997 emittit
1033 2953 1062 2997 et
1077 2945 1214 2998 confundit
1224 2948 1321 3001 Justin.

229 3023 297 3088 qood
307 3024 333 3073 iu
344 3024 454 3075 confinio
464 3023 602 3087 Lycaonia
614 3030 642 3072 et
652 3021 754 3086 Cappa·
795 3024 990 3088 Polysperchon
1010 3022 1172 3074 Macedoniae
1196 3024 1228 3074 ab
1247 3023 1323 3075 Anti·

229 3097 312 3148 deciae
333 3098 422 3161 ponit:
450 3097 551 3147 Probus
578 3097 605 3146 in
632 3096 754 3159 Phrygia,
795 3105 872 3164 patre
882 3097 1048 3163 prepositus,
1058 3106 1086 3148 ut
1096 3099 1237 3150 Eumenem
1249 3100 1282 3151 sd
1293 3114 1321 3151 ee

229 3171 323 3223 Strabo
342 3180 450 3237 propter
468 3173 588 3221 Taurum.
622 3170 678 3220 Arx
698 3178 754 3221 erat
796 3176 922 3235 alliceret,
932 3188 991 3224 eum
1001 3173 1073 3237 regio
1084 3174 1210 3223 exercitui
1222 3174 1248 3223 in
1257 3173 1322 3223 Asis

229 3248 380 3311 perexigua,
399 3248 474 3311 cujus
494 3247 604 3297 ambitus
622 3252 648 3297 8.
669 3246 754 3297 stadis
795 3248 927 3315 prefecit;
945 3248 1078 3314 missisque
1096 3254 1136 3297 ott.
1156 3248 1270 3311 talentis,
1292 3254 1321 3298 ut

228 3334 280 3370 non
291 3322 446 3384 excederett
462 3323 509 3373 sed
521 3321 554 3372 sb
572 3329 628 3371 arte
644 3328 672 3371 et
682 3334 753 3372 ana·
795 3325 889 3375 damna
899 3322 1046 3387 resarciret,
1063 3323 1168 3388 scripsit
1186 3322 1218 3371 ad
1235 3322 1321 3387 Argy-

230 3397 475 3448 turamuuitissims.
795 3398 924 3461 raspidum
943 3396 1033 3460 duces,
1055 3403 1085 3447 ut
1105 3398 1225 3447 Eumenis
1246 3400 1321 3461 signs

261 3468 403 3533 ‘Maiestas
420 3475 547 3536 amatas,
566 3473 621 3536 ta]
646 3471 754 3522 Exerci-
795 3481 973 3538 sequerentur.

227 3548 366 3610 tomprios
385 3548 520 3609 dimisisse,
538 3548 711 3599 serratisttto.
728 3561 754 3597 e·
826 3546 839 3581 ¹
866 3546 1052 3611 Argyraspides]
1081 3546 1181 3599 Horum
1204 3549 1320 3614 plerique

227 3622 348 3688 quitibns,
354 3622 484 3687 peditibus
493 3628 626 3686 verottto,
634 3623 706 3673 testis
714 3627 756 3673 est
796 3636 876 3672 annos
888 3622 943 3671 nati
955 3628 1030 3672 erant
1041 3627 1082 3674 ro.
1094 3636 1169 3674 nemo
1180 3637 1321 3689 sexagens-

229 3698 301 3750 l’lut.
795 3697 934 3747 riomiuer.

259 3780 273 3816 Ι
296 3773 410 3836 laegstm]
436 3774 501 3823 Post
522 3787 616 3823 annum
637 3774 753 3838 elapsum
825 3770 1011 3833 tA.M·³l³d.
1028 3770 1320 3826 ot.1tu.a.u.c.ttt.

227 3850 327 3915 legatos
338 3850 371 3899 ad
382 3850 515 3899 Aridaeum
528 3850 606 3911 misit,
619 3850 672 3912 qui,
683 3848 752 3913 qued
792 3843 857 3895 Ant.
869 3844 916 3896 Cb.
928 3847 987 3895 tib.

227 3925 294 3973 susle
310 3924 452 3973 baberetur
469 3923 502 3973 sb
519 3921 659 3985 Antigono,
672 3922 753 3987 jussit
822 3919 1019 3972 ¹Blsadissmtis
1028 3922 1109 3986 ogere]
1136 3922 1219 3975 Immo
1236 3925 1320 3991 Argy-

226 4005 256 4048 ot
270 4000 396 4048 Eumenes
407 3999 571 4049 liberaretur.
792 3995 920 4061 raspidum
930 3995 1018 4061 duces,
1029 3997 1173 4062 Antigenes
1182 4007 1211 4051 et
1221 4002 1318 4053 Teuta·

257 4072 325 4121 *At
343 4072 471 4135 studiose]
500 4071 597 4122 Audita
617 4070 752 4137 Antipatri
791 4085 856 4132 mus,
866 4084 953 4134 regum
963 4072 1178 4140 literisobsecuti,
1189 4091 1248 4129 cum
1257 4080 1321 4129 sml·

226 4151 385 4208 monacum
397 4146 751 4197 frustrsEomeuemsdsuas
791 4146 828 4197 cla
845 4147 952 4197 Eumeni
971 4157 1119 4214 occurrunt,
1138 4152 1215 4219 eique
1232 4154 1318 4205 omnis

226 4224 313 4283 partes
323 4234 368 4282 per
377 4219 678 4282 Hieronymumsmicnsn
686 4234 753 4271 com·
792 4223 1035 4287 ultrepollicentur.
