3084 4900
598 403 670 452 nra.
693 403 764 452 ιιι.
788 405 869 454 cnr.
891 391 923 456 8.
1236 397 1302 466 227

206 543 300 626 quod
312 543 410 608 multi
424 544 541 628 populi
554 546 779 630 confugerant,
798 551 1013 633 pervenisset,
1029 554 1198 634 cognoscit
1212 555 1301 620 Her·

208 643 314 707 colem
328 645 374 707 ab
393 647 643 727 expugnatione
664 650 814 732 ejusdem
828 653 906 716 auxi
927 659 1024 718 terrae
1047 661 1138 718 motu
1153 656 1300 738 prohibi·

148 771 156 780 ·
207 746 290 806 tum.
334 743 385 807 ta.
413 744 541 829 Captus
562 749 674 831 itaque
688 750 843 832 cupidine
857 752 1017 817 Herculis
1038 760 1113 820 acta
1127 773 1298 841 superare,

208 863 284 908 oum
296 858 427 910 summo
447 847 561 913 labore
576 869 617 914 ac
638 854 786 934 periculo
808 855 935 936 potitus
959 864 1069 933 sarto,¹
1084 875 1201 923 omnen
1223 859 1299 943 eJus

206 943 274 1009 looi
288 952 420 1026 gentes·
434 949 470 1012 in
483 948 681 1017 deditionem
694 956 853 1039 accipit,¹3

251 1045 340 1111 Osa.
356 1065 435 1113 vrrr.
471 1051 501 1114 1.
523 1052 621 1118 Unus
635 1073 680 1118 ex
694 1057 828 1137 reg‘bns
842 1056 998 1122 Indorum
1011 1057 1084 1136 suit,
1100 1059 1227 1126 Poma‘
1240 1083 1299 1128 no·

206 1147 306 1224 mine,
320 1149 447 1214 viribus
458 1154 609 1235 corporis
618 1158 652 1219 ct
665 1156 767 1220 animi
778 1157 1001 1238 magnitudine
1011 1160 1136 1243 pariter
1149 1163 1298 1244 insignis,

205 1249 239 1312 2.
253 1251 311 1332 qni
322 1251 448 1315 bellum
456 1252 668 1336 Jampridem,
683 1257 800 1321 andita
816 1256 996 1323 Alexandri
1008 1261 1175 1343 opinione,
1190 1264 1225 1327 in
1239 1265 1298 1329 ad-

118 1444 119 1447 *
206 1357 342 1414 rentum
372 1352 470 1435 ejusu
496 1358 649 1438 parabat.
707 1358 739 1423 3.
767 1358 956 1425 Commisso
984 1362 1096 1444 itaque
1125 1363 1300 1447 praelio,''

207 1453 389 1516 exercitum
413 1474 512 1518 snum
540 1457 750 1525 Macedonas
772 1461 926 1526 invadere
947 1461 1064 1544 jubet;
1097 1465 1164 1527 sibi
1189 1485 1299 1547 regom

207 1570 322 1618 eorum
350 1556 533 1638 privatum¹
564 1559 693 1624 hostem
718 1562 887 1645 deposcit.
942 1563 975 1627 4.
1005 1563 1077 1628 Nec
1106 1566 1300 1630 Alexander

207 1673 325 1736 pugnae
352 1677 479 1722 moram
505 1659 603 1726 fecit:
638 1663 699 1727 ned
726 1667 834 1746 prima
863 1667 1097 1745 congressione
1126 1668 1299 1732 vulnerato

207 1775 305 1838 equo,
321 1777 395 1824 curn
411 1780 565 1846 praeceps
579 1763 613 1827 in
633 1771 753 1830 terram
772 1766 978 1844 decidisset,x
993 1787 1157 1832 concursu
1174 1768 1300 1851 satelli·

208 1864 276 1922 turn
291 1867 453 1926 servatur.
479 1863 758 1933 alumnatus
774 1867 988 1932 vulneribusl
1003 1869 1142 1934 obrutus
1157 1870 1298 1954 capitur.

667 2026 843 2047 m

206 2105 313 2155 incido.
330 2119 412 2167 ressa.
433 2110 458 2156 2.
474 2111 498 2158 t.
510 2113 538 2157 et
549 2107 625 2158 Bodl.
644 2113 793 2170 regnu-rt
809 2109 890 2173 Magi.
907 2109 983 2160 Bodi.
994 2109 1060 2160 Call.
1076 2111 1111 2162 N.
1129 2115 1154 2161 4.
1171 2111 1245 2162 Leid.
1257 2113 1298 2162 ed.

206 2170 280 2219 Rom.
293 2171 354 2218 Par.
365 2170 463 2232 accepit.

239 2238 253 2282 l
270 2234 392 2283 vincent.
405 2247 431 2285 r.
441 2237 483 2285 to.
499 2235 598 2286 ‘Porus
616 2250 705 2301 regem
713 2235 889 2286 Alexandrum
901 2238 1029 2300 privatum
1040 2235 1088 2288 sibi
1099 2237 1197 2288 hostem
1209 2238 1241 2288 de
1261 2254 1301 2288 os·

206 2296 260 2346 cit-⁹
291 2295 424 2347 Scheffero
438 2299 586 2349 emendanti
595 2301 709 2362 priorum
719 2301 792 2349 lavet
803 2300 879 2350 Oret.
888 2315 930 2350 trs.
942 2305 980 2350 19.
996 2302 1003 2327 ¹
1016 2299 1164 2351 Alexander
1174 2317 1231 2352 cnm
1243 2319 1300 2366 rpso

206 2361 275 2410 Poro
287 2361 453 2424 singulariter
463 2377 626 2426 congressus,
647 2365 783 2428 occisoque
803 2364 919 2426 deJeotns
930 2379 1006 2428 equo,
1020 2379 1148 2414 concursu
1159 2367 1300 2416 satellitum

205 2426 370 2488 presentiam
384 2427 475 2476 mortis
486 2427 587 2477 erasit?
619 2427 774 2477 Mattheus:
796 2427 879 2478 ‘Cum
898 2428 967 2478 Poro
982 2428 1062 2493 ipsius
1080 2429 1165 2492 gentis
1177 2444 1238 2492 rege
1249 2429 1300 2480 for·

207 2489 314 2552 tissimo,
329 2504 396 2554 equo
413 2498 512 2551 rectus,
530 2492 652 2555 singulari
667 2492 809 2541 certamine
831 2492 977 2543 dimicavit:
998 2492 1052 2553 sed,
1074 2494 1160 2543 occiso
1183 2494 1300 2559 dejectus

207 2568 284 2617 equo,
294 2569 421 2605 concursu
431 2556 572 2607 satellitum
583 2571 687 2607 suorum
703 2558 811 2609 mortem
830 2556 931 2609 evasit!
965 2557 1032 2609 Otto
1044 2556 1155 2623 Frisiug.
1167 2558 1194 2609 d.
1207 2560 1224 2611 1.
1241 2558 1299 2613 ‘liri

701 2719 810 2772 NOTAE

207 2851 258 2902 quo
269 2836 422 2888 Bssirenses
432 2836 612 2903 confugerant.
807 2841 821 2869 ¹
840 2839 872 2889 A.
888 2840 926 2889 Μ.
946 2843 1019 2890 8118.
1043 2838 1087 2889 01.
1104 2843 1160 2891 111.
1172 2843 1196 2889 t.
1221 2840 1253 2889 U.
1270 2840 1301 2889 c.

239 2918 249 2945 ¹
265 2913 363 2961 Petitur
372 2912 442 2975 aare]
456 2912 498 2962 Ibi
517 2928 575 2963 aras
591 2919 620 2963 et
636 2914 735 2964 Miner·
774 2917 832 2964 127.
848 2914 912 2964 Ant.
923 2914 970 2963 ch.
982 2917 1039 2964 121.

208 3002 248 3037 rte
259 2994 288 3037 et
298 2988 419 3039 Victoriae
429 2988 534 3037 dicarit.
807 2996 820 3021 ¹
836 2989 981 3055 madianei]
998 2990 1065 3039 llum
1087 2988 1227 3052 fugientem
1250 2988 1301 3039 Po·

239 3064 322 3113 ·laei
335 3062 430 3127 gestet]
447 3063 557 3127 Omphis
572 3078 618 3113 ssu
633 3056 734 3114 Tulle's
776 3080 832 3115 rum
846 3066 1017 3130 persequitur,
1034 3065 1198 3128 Bucephalos
1215 3064 1301 3115 multis

207 3152 236 3187 se
247 3153 344 3203 suaque
355 3140 438 3188 omnis
450 3138 597 3189 Alexandro
608 3141 734 3203 permisits
775 3140 907 3193 confossus
926 3140 1073 3190 vulneribus
1094 3140 1239 3203 procubuit,
1256 3154 1302 3204 po·

206 3215 338 3278 multaque
355 3228 464 3263 monera
483 3219 510 3263 et
528 3214 566 3263 illl
587 3214 692 3278 obtulit,
707 3220 735 3264 et
776 3218 826 3267 sito
837 3216 923 3280 potius
934 3228 995 3279 rege
1006 3228 1079 3280 qnam
1091 3214 1182 3267 effuso.

209 3290 242 3340 sb
253 3289 298 3339 illo
307 3290 420 3353 accepit.
807 3298 817 3333 t
835 3291 913 3339 Perus
926 3291 1006 3340 multia
1022 3290 1164 3351 Muribus,
1181 3289 1235 3353 tu]
1251 3290 1304 3341 nu·

243 3364 354 3428 ¹1³qu
376 3365 429 3417 Qui
450 3365 535 3415 'l'axill
555 3364 636 3415 hostis
654 3363 735 3415 infen-
774 3366 882 3430 oaphslo
892 3364 1051 3427 Alexander,
1062 3364 1146 3415 Porus
1157 3366 1302 3429 elephante,

208 3440 322 3490 sissimus
331 3441 401 3489 oltra
411 3440 564 3503 Hydaspem
574 3440 733 3503 imperabat:
774 3441 924 3491 vehebatur.
956 3442 1054 3491 Rector
1071 3440 1175 3503 belluas,
1192 3448 1222 3490 ut
1238 3440 1303 3491 vidit

209 3523 311 3567 statura
321 3516 360 3566 illi
369 3516 455 3567 tritt.
466 3516 611 3568 cubitorum
620 3521 649 3565 et
659 3516 735 3565 aolus
774 3530 863 3581 regem
880 3517 1003 3580 sanguiue
1021 3526 1196 3579 conspersum,
1213 3523 1240 3565 et
1259 3516 1303 3564 vix

209 3592 297 3655 pslmi,
309 3606 343 3641 es
354 3592 428 3641 Plut.
774 3591 868 3641 mentis
885 3596 1040 3654 compotem,
1056 3590 1167 3640 belluam
1179 3592 1204 3639 lo
1215 3587 1301 3653 fugam

242 3667 301 3716 'la
315 3669 441 3717 misse
454 3666 516 3731 sias]
533 3666 677 3717 Alexandri
689 3682 735 3717 no·
775 3668 904 3728 eoactum
927 3666 982 3728 sed,
998 3666 1058 3717 dum
1078 3667 1160 3718 Porus
1179 3674 1302 3730 grsrstns

206 3742 278 3792 ruina
288 3742 400 3792 monitus
411 3756 427 3791 s
438 3743 587 3804 Cleochare,
599 3747 628 3791 ut
639 3742 735 3806 stipen-
776 3744 836 3793 telis
847 3741 980 3793 laberetur
990 3756 1023 3792 ex
1035 3742 1131 3806 bellua,
1144 3743 1196 3807 ille,
1214 3756 1303 3807 regem
1375 3746 1377 3749 '

208 3817 279 3865 dium
289 3817 425 3881 penderet,
436 3817 540 3881 suisque
550 3817 578 3866 in
587 3816 682 3867 sinibm
692 3830 736 3867 oe·
777 3818 933 3869 descendere
952 3819 1020 3867 valle
1041 3824 1122 3878 ratus,
1137 3831 1208 3867 ruore
1227 3818 1304 3869 sollto

208 3893 403 3956 esmmtregl:
416 3906 583 3943 occursurum
591 3907 621 3943 se
629 3907 737 3958 respou-
776 3895 939 3958 elephantem
951 3892 1210 3957 procumbarsjossit
1220 3893 1246 3941 ln
1258 3906 1303 3957 gs·

208 3967 260 4026 dit,
275 3967 322 4019 sed
332 3975 467 4019 armatum.
776 3984 842 4029 nnn
859 3970 903 4033 qni
914 3976 943 4018 nt
953 3982 981 4018 se
991 3966 1127 4029 summisit,
1139 3966 1223 4016 osterl
1241 3982 1303 4031 quo·

241 4050 259 4075 ¹
276 4044 403 4093 ΟΜΝ
411 4044 506 4107 prelio]
522 4042 565 4093 Ad
574 4043 735 4109 Hydaspem,
777 4056 827 4107 qne
834 4042 882 4108 (lta
890 4042 1037 4092 enimemnt
1046 4039 1169 4102 instituti)
1176 4040 1303 4091 demisere

207 4130 264 4182 quo
274 4117 428 4169 Poroseom
445 4122 486 4167 to.
500 4117 611 4168 militnm
630 4119 669 4168 11.
681 4122 737 4169 800.
777 4130 888 4182 corpora
899 4117 924 4166 ln
941 4124 1051 4165 terrama
1068 4128 1126 4179 qua
1144 4129 1185 4165 res
1204 4123 1233 4166 et
1251 4117 1303 4169 Po·

207 4192 337 4256 eorrllrus,
357 4201 385 4243 et
403 4198 445 4244 8⁵.
462 4193 606 4257 elephantis
621 4201 737 4258 venerat,
777 4208 833 4243 rum
851 4199 878 4243 st
895 4192 963 4241 illins
979 4191 1060 4241 duoes
1075 4190 1184 4243 tradidit
1200 4192 1303 4247 victori·

203 4268 654 4333 trosumausnsituprontnitnms.
778 4270 834 4323 bur.
868 4270 997 4323 llanrt.
