3084 4900
552 360 624 410 nra.
647 357 750 408 xxrr.
772 356 855 408 css.
876 344 908 407 1.
1218 341 1304 408 wb-

192 486 397 590 prorlitorenr
417 504 521 571 tacita
546 501 840 585 suffragia-ierunt.
880 499 915 566 8.
947 499 1044 565 Bella
1072 498 1283 584 Agathoclis.

192 607 226 671 4.
264 605 440 689 Syracusis
468 625 491 671 a
525 602 850 685 Carthaginiensibus
887 601 1049 680 obscsais,
1082 599 1283 684 Agathocles

187 705 312 777 ,audaci
340 707 481 772 consilio
502 705 628 770 bellum
642 703 678 768 in
693 702 844 769 Africam
859 703 970 768 infert.
1013 704 1047 769 5.
1069 701 1236 787 Exposita
1250 705 1285 768 in

192 805 301 872 littore
332 806 457 872 Africae
480 807 643 882 exercito,
672 807 766 888 gravi
794 805 943 869 oratione
969 823 1049 870 suos
1073 804 1117 868 arl
1142 823 1284 888 pugnarn

194 907 356 973 accendit
398 909 432 973 6.
455 907 623 974 Discussa
649 907 896 990 superstitionis
926 905 1057 982 nebula,
1087 909 1123 970 ot
1145 906 1284 970 naribus

193 1008 348 1096 incensis,
363 1008 652 1092 cathaginenses
666 1007 783 1092 praelio
802 1009 951 1090 soporat,
976 1012 1011 1070 et
1030 1006 1127 1070 urbes
1150 1006 1287 1072 nobilis·

194 1107 297 1172 simas
310 1109 440 1192 recipit
482 1109 515 1173 7.
537 1107 689 1172 Siciliam
713 1105 1001 1189 Carthaginienses
1020 1106 1205 1190 relinquero
1226 1125 1286 1171 co·

194 1216 326 1291 guntur,
348 1215 384 1274 ct
410 1208 586 1276 infeliciter
614 1228 692 1274 cunr
714 1206 902 1291 Agathocle
924 1214 1076 1289 pugnant
1099 1209 1133 1273 in
1159 1205 1286 1272 Africa.

196 1309 319 1376 Fatum
343 1310 500 1376 acerbum
527 1309 682 1394 ophellas
708 1315 744 1374 et
767 1306 977 1374 Bomilcaris.
1019 1305 1052 1372 Θ.
1081 1305 1286 1391 Agathocles

195 1410 304 1476 totius
319 1412 447 1478 Sicilie
460 1411 634 1496 imperium
647 1418 813 1495 occupat:
829 1409 864 1474 in
878 1405 1026 1472 Africam
1040 1426 1190 1473 reversus
1205 1409 1288 1474 inio-

195 1509 304 1576 liciter
321 1517 468 1596 pugnat3
495 1516 608 1579 castra
627 1511 764 1576 deserit:
794 1506 883 1573 unde
908 1505 1051 1572 rnilitum
1072 1507 1228 1585 ddectio,
1254 1515 1290 1576 et

196 1611 340 1678 filiorum
353 1612 553 1698 Agathoclis
575 1615 736 1694 Ateius,
752 1618 787 1679 et
800 1609 999 1694 Agathoclis
1016 1629 1087 1696 pax
1105 1611 1188 1678 inita
1213 1630 1288 1678 cunr

200 1710 535 1800 Carthaginiensibus.

243 2023 333 2089 (lan.
356 2041 382 2087 r.
424 2024 455 2087 1.
477 2022 703 2106 Agathocles·
718 2022 846 2088 Sicilioe
861 2029 1029 2106 tyrannos,
1057 2025 1116 2108 qui
1129 2027 1292 2109 magnitu-

202 2124 272 2189 dini
291 2122 410 2208 prioris
438 2123 593 2207 Dionysii
615 2123 790 2200 successit,
820 2122 863 2187 ad
890 2123 981 2206 regni
1008 2124 1218 2208 majestatem
1246 2146 1291 2191 ex

200 2222 318 2288 humili
346 2228 380 2289 et
400 2224 537 2289 sordido
561 2241 676 2307 genere
698 2222 871 2306 perveniti
914 2223 947 2290 2.
970 2223 1106 2310 Quippe
1126 2227 1160 2290 in
1174 2226 1294 2292 Sicilia

202 2330 298 2408 patro
311 2323 435 2408 tignlo'
450 2329 563 2404 natus,
577 2343 645 2388 non
657 2323 883 2388 honestiorem
897 2325 1076 2408 pueritiam
1091 2345 1191 2410 qnam
1206 2329 1295 2410 prin·

203 2424 296 2509 sipia
319 2424 451 2509 originis
477 2423 611 2491 habuit:
633 2423 667 2489 8.
680 2422 856 2507 siquidem,
880 2421 986 2490 iorrna
1007 2430 1042 2490 et
1055 2425 1203 2509 corporis
1219 2425 1295 2510 pul-

205 2526 386 2593 chritudine
400 2527 561 2611 egregins,
582 2526 639 2590 din
660 2526 767 2591 utam
795 2524 902 2608 stupri
923 2526 1102 2609 patientia¹
1132 2526 1294 2594 exhibuit.

106 2648 112 2656 ·
204 2627 236 2691 4.
258 2624 376 2691 Annos
398 2626 517 2691 deinde
531 2626 717 2711 pubertatis
737 2643 903 2710 egressus,
916 2624 1086 2690 libidinem
1100 2644 1121 2691 a
1134 2626 1215 2691 viris
1229 2627 1296 2711 ιὰ*

204 2726 360 2792 soeminas
385 2728 558 2793 transtulit.
600 2727 631 2792 5.
654 2726 739 2791 Post
758 2726 846 2805 hacc,
867 2726 960 2809 apud
980 2733 1153 2811 utrumque
1177 2745 1296 2792 sexum

205 2826 364 2904 ianm,
377 2828 485 2893 vitam
493 2827 677 2894 latrociniis
690 2828 839 2893 muravit.
881 2829 913 2893 c
936 2827 1118 2913 Interjecto
1136 2834 1296 2911 temporo,

206 2947 283 2993 cum
315 2928 499 3012 Syracusas
527 2930 768 3007 concessisset,
804 2927 1016 3011 ascitusqne³
1043 2926 1079 2993 in
1102 2927 1298 2995 civitatem⁴

664 3090 846 3114 W

241 3193 255 3240 t
268 3190 349 3256 Magi.
362 3192 435 3243 neto.
444 3196 470 3243 2.
486 3192 528 3243 ed.
538 3192 613 3243 Rorn-
623 3189 683 3241 Ald.
694 3188 768 3241 lunt·
783 3186 969 3250 partem—a
986 3185 1060 3236 Just.
1069 3185 1151 3235 trs-a
1171 3184 1251 3236 uses.
1260 3200 1299 3235 ae·

208 3254 322 3318 ettam
332 3256 405 3306 netu.
418 3261 441 3306 t.
454 3255 513 3307 Ald.
524 3254 597 3307 lant.
607 3254 684 3303 Vluc.
693 3251 834 3314 mim.
853 3250 963 3314 [Noster
970 3248 1084 3299 Gronov.
1094 3248 1177 3299 edidit
1186 3250 1301 3299 aaran·

209 3317 276 3382 gae]
293 3318 378 3370 Poris.
385 3318 635 3386 acceptumst&
650 3315 793 3377 strom
801 3314 986 3378 sallario-t
1004 3312 1064 3366 Ald.
1074 3312 1148 3366 lunt.
1158 3313 1299 3365 iadaiwa.

696 3412 808 3496 soon

242 3549 255 3577 ⁸
280 3544 433 3610 mules]
458 3544 581 3597 Carduae
601 3542 732 3608 llbeglnm
773 3551 955 3615 postagnltua.
973 3550 1052 3602 niort.

210 3619 570 3683 patriaexnl,rlunr'l'berrals
583 3619 735 3670 Siciltnha·
805 3625 868 3687 gA.
880 3626 1006 3677 uam,
1039 3626 1083 3677 01.
1095 3628 1186 3677 ΠΜ.
1220 3622 1294 3673 ilc.

212 3691 290 3756 itur,
307 3708 360 3744 rern
371 3696 525 3747 cunraiieaa
534 3710 616 3745 uxore
626 3693 733 3745 habult:
773 3703 832 3751 m.
864 3699 926 3750 Ant.
937 3700 1049 3751 cusu.

211 3767 257 3818 sed
275 3768 301 3816 in
318 3768 423 3819 somniis
438 3771 539 3835 unxina
557 3785 615 3821 enar
628 3769 734 3835 llclphl·
806 3775 1003 3843 bpaenflgao]
1030 3778 1095 3829 cum
1103 3776 1233 3828 ῃωοιωη
1250 3775 1302 3824 vie.

211 3854 271 3892 σω
291 3843 423 3893 menium
441 3859 490 3908 prr
511 3846 736 3912 Carthaginiense!
777 3851 812 3903 tis
831 3852 1084 3915 cartlrsglnianslbua
1102 3850 1209 3901 civitate
1225 3850 1301 3915 Syra·

211 3919 337 3983 emaum
358 3921 536 3985 tonstrinas,
554 3924 656 3988 seeepu
674 3936 738 3987 pne·
778 3927 1009 3977 emansdonasret
1024 3926 1158 3991 plurimos,
1177 3926 1301 3975 Carcinos

211 4006 269 4043 runs
284 4000 313 4044 et
329 3993 426 4044 Sicilia
445 4002 473 4045 et
488 3997 738 4059 modulantibus
779 4015 837 4051 cunr
858 4000 1004 4063 Agathocle
1025 4000 1079 4051 ilio
1102 4014 1158 4051 earn
1184 4000 1304 4065 obtinuit,

212 4069 293 4120 arluc
304 4067 377 4129 iore;
394 4084 476 4135 quare
486 4073 739 4137 poernmexposoltr
778 4088 863 4139 quern,
880 4088 1052 4141 compauper
1069 4085 1148 4141 esset,
1164 4076 1253 4128 doerit
1264 4090 1303 4127 rr·

213 4142 260 4193 sed
281 4151 397 4195 amatre
417 4146 484 4196 clam
504 4152 638 4211 surnptns
654 4147 738 4198 iussus
778 4148 957 4202 temtictilcnr.

215 4217 340 4269 educatos
350 4225 398 4285 cst,
414 4228 443 4272 et
458 4235 473 4270 a
484 4228 560 4286 patre
570 4224 656 4274 naith
665 4224 738 4274 annia
