3084 4900
209 403 233 471 6
635 421 669 472 s.
692 417 873 472 onouourr

211 573 271 632 rat.
314 553 494 629 Lectiones
522 565 630 630 varias
655 567 821 630 transmisi
846 559 981 630 laudato
1005 563 1090 641 viro,
1113 558 1170 645 qai
1194 559 1304 626 reduci

211 664 291 732 mihi
302 666 449 743 easdem,
465 664 604 730 eruditis
619 666 706 730 nutis
717 666 855 742 additis,
866 661 920 729 hic
933 663 1128 728 inserendas
1142 661 1304 740 restitnit3

211 776 250 832 ut
270 767 386 832 horum
408 783 511 851 opera
526 765 692 848 Prologus
708 767 782 850 jam
796 770 1000 850 expurgatos
1013 765 1111 829 edere
1124 765 1158 828 in
1172 767 1305 846 promtu

212 869 267 934 sit.
311 868 385 951 Ipsi
399 873 508 933 autem
526 868 674 952 Prologi,
700 874 813 953 utpote
833 869 876 934 ad
894 868 996 951 Trogi
1020 865 1176 950 Pompeii
1189 865 1303 938 libros,

212 989 287 1035 oum
302 968 411 1034 adhuc
429 970 623 1052 superstites
646 975 770 1047 essent,
789 969 989 1046 concinnati,
1004 968 1197 1052 plerumque
1211 972 1305 1050 gesta

211 1075 405 1148 memorant,
428 1090 503 1153 quae
520 1071 554 1133 in
569 1069 592 1135 J
595 1071 706 1135 ustino
726 1090 794 1135 non
815 1075 1015 1153 comparent.
1059 1067 1173 1132 Alium
1187 1069 1305 1134 Prolo-

211 1190 326 1253 gorum
341 1171 498 1236 Codicem
512 1171 581 1236 vidi
604 1170 757 1236 Venetiis
776 1173 813 1236 in
832 1172 962 1237 aedibus
981 1169 1188 1245 Trevisanis,
1208 1187 1306 1252 quem

212 1289 277 1336 non
289 1273 385 1337 licuit
399 1291 461 1356 per
474 1279 607 1355 tempus
623 1274 810 1360 explorare.
855 1272 1001 1337 Codices
1014 1288 1113 1354 porro
1136 1269 1306 1347 Vaticani,

213 1389 355 1456 quorum
379 1373 433 1436 hic
455 1373 611 1437 lectiones
632 1373 812 1452 afferimus,
832 1379 910 1438 sunt
926 1373 978 1437 bis
998 1373 1143 1436 numeris
1154 1371 1306 1453 insigniti

214 1473 310 1538 1825.
327 1479 361 1538 et
375 1471 471 1537 1826.
517 1473 567 1536 Iis
583 1473 792 1557 adjungimus
809 1474 888 1539 item
907 1474 1019 1539 varias
1039 1473 1199 1538 lectiones
1221 1472 1306 1538 duo-

212 1587 284 1638 rum
300 1573 563 1639 Colbertinorum
575 1571 749 1652 Codicum,
761 1576 820 1659 qui
830 1575 1041 1639 sicnotantur
1051 1573 1148 1637 1566.
1164 1580 1199 1637 et
1208 1573 1306 1638 1578.

213 1680 247 1739 et
261 1675 319 1739 ‘in
332 1674 550 1758 prefatione!
580 1675 841 1742 Emendationes
857 1675 1072 1759 Prologorum
1085 1674 1189 1756 Trogi
1203 1673 1306 1752 Pom-

215 1776 284 1859 peii
305 1778 348 1841 ab
371 1775 597 1841 eruditissimo
622 1781 656 1840 et
678 1779 884 1843 amicissimo
898 1777 997 1854 Viro,
1016 1776 1146 1842 Abbate
1160 1778 1202 1841 de
1219 1777 1308 1841 Lon·

215 1895 347 1960 guerno,
369 1897 413 1942 ex
437 1879 537 1942 variis
558 1879 758 1944 lectionibus
775 1880 935 1945 Codicum
948 1881 1046 1946 trium
1068 1878 1307 1957 Romanorum,

214 1997 300 2062 quas
322 1979 389 2062 ipsi
402 1997 445 2042 ex
463 1979 567 2043 Italia
587 1981 841 2058 transmisimus,
857 2001 918 2046 nac
933 2001 1003 2045 nun
1017 1982 1156 2046 duorum
1171 1979 1308 2045 Colbcr·

213 2081 366 2158 tinorum,
381 2081 610 2158 concinnatas,
627 2082 669 2146 ad
685 2083 812 2146 calcem
827 2082 938 2148 Diarii
952 2083 1176 2166 reposuimus.
1214 2081 1308 2145 Usus

214 2183 290 2265 ipso
306 2187 356 2246 est
369 2181 513 2247 editiorm
532 2183 723 2267 Tanaquilli
746 2185 848 2250 Fabri
863 2186 945 2250 mire
959 2184 1086 2250 soedata
1098 2192 1133 2248 et
1148 2179 1309 2271 conspurss
1328 2219 1331 2231 ·

214 2290 301 2359 cata,
325 2289 362 2348 ut
388 2285 445 2348 rix
467 2285 601 2367 uspiam
624 2285 705 2369 quid
729 2302 849 2349 sanum
873 2292 1045 2366 occurret3
1068 2290 1113 2365 et,
1139 2289 1310 2371 castigatis

214 2383 379 2451 erroribus
393 2386 632 2471 propemodum
652 2387 800 2466 infinitis,
823 2386 868 2453 ad
888 2408 1004 2454 sanam
1025 2390 1310 2475 emaculatamque

215 2487 432 2571 Prologorum
443 2490 623 2554 editionem
640 2491 866 2557 edomandam
879 2493 970 2556 viam
985 2493 1126 2575 pararit.
1156 2491 1236 2557 Jam
1252 2494 1310 2557 din

219 2588 376 2670 Prologis
389 2587 491 2671 Trogi
505 2590 709 2672 castigandis
730 2592 926 2657 incubuerat
939 2593 1154 2676 Bongarsins,
1168 2595 1227 2679 qui
1243 2597 1310 2680 pri·

215 2708 289 2753 mus
314 2691 450 2754 eosdem
472 2690 506 2753 in
532 2692 640 2756 lucem
663 2694 802 2776 protulit
824 2713 911 2758 anno
935 2712 1137 2759 uuuxxxr.
1151 2705 1191 2761 ut
1211 2698 1311 2763 habet

216 2792 291 2872 ipse
320 2792 355 2855 in
384 2790 539 2875 Epistola
561 2793 605 2857 ad
629 2793 845 2859 Franciscum
869 2795 1034 2860 Rosaeum
1054 2798 1178 2863 ibidem
1206 2819 1310 2865 cusa:

220 2891 386 2975 ‘Reliqui
415 2894 530 2974 erant,'
557 2898 617 2961 &e
671 2896 726 2961 Ad
756 2900 885 2963 calcem
914 2900 1014 2963 etiam
1041 2898 1133 2977 editi,
1161 2902 1312 2985 ejusdem

218 2992 393 3077 Bongarsii
423 3003 524 3079 atque
552 2996 722 3063 Francisci
752 2998 861 3064 Medii
887 3006 973 3065 notae
1002 3003 1158 3086 quaedam
1186 3010 1310 3082 extant,

217 3098 313 3179 queis
338 3097 552 3180 Prologorum
575 3119 686 3182 pauca
711 3100 789 3165 loca
814 3102 1017 3186 conjecturis
1032 3104 1262 3183 resarciuntur,
1277 3112 1313 3169 et

216 3218 296 3264 sane
310 3203 534 3284 quaedamsat
552 3203 710 3282 feliciter3
733 3204 800 3269 alia
823 3205 1047 3288 inauspicato,
1073 3205 1123 3270 ita
1146 3212 1258 3270 umen
1274 3212 1313 3271 ut

218 3302 323 3365 multo
338 3301 444 3385 plura,
458 3304 556 3386 quasi
569 3304 751 3386 deplorata,
775 3306 902 3371 intacta
915 3308 1225 3390 praetemittantur3
1247 3312 1312 3373 sic·

108 3430 112 3439 ·
216 3422 281 3487 que
307 3404 433 3467 erudito
456 3403 539 3469 Viro
567 3411 673 3469 totum
702 3408 909 3504 restaurandi
932 3409 1108 3493 provincia
1132 3408 1311 3477 devoluta:

217 3504 306 3587 quod
321 3506 351 3569 is
366 3506 493 3570 naviter
505 3513 669 3571 executus
683 3514 745 3574 est.
782 3509 1008 3576 Observatum
1022 3530 1121 3595 porro
1136 3512 1237 3577 velim
1250 3532 1312 3578 nos

82 3614 87 3623 ·
217 3605 252 3668 in
275 3606 513 3688 Bougarsianis
534 3609 624 3673 notis
648 3610 691 3674 ad
713 3610 895 3694 Prologum
917 3611 996 3676 libri
1021 3628 1084 3675 vrr.
1107 3612 1312 3695 conjecturas

216 3706 367 3788 ejusdem
381 3708 567 3791 suffragari,
583 3728 651 3794 qua
666 3708 850 3796 Illyriorum
867 3722 898 3774 et
912 3709 1062 3774 Poeorrum
1075 3713 1148 3778 vult
1161 3714 1238 3797 legi,
1253 3716 1313 3781 ubi

219 3806 305 3873 Mss,
323 3810 456 3891 quidam
473 3808 617 3889 Panum,
640 3811 696 3875 alii
718 3810 899 3889 Poenorum,
923 3813 1104 3892 habebant,
1120 3820 1153 3879 et
1167 3817 1211 3880 ad
1233 3816 1313 3881 Pro-

216 3911 326 3992 lognm
341 3911 416 3975 libri
430 3927 510 3975 vrrr.
531 3932 550 3977 e
563 3932 597 3977 re
612 3932 674 3996 pro
689 3912 781 3976 electo
796 3912 909 3999 Arybo
924 3914 1125 3997 conjectatur
1138 3914 1313 3999 legendum

220 4010 333 4094 ejecto!
377 4011 548 4078 Hactenus
575 4014 870 4081 Montelalcouins.
915 4016 970 4081 Ad
984 4017 1058 4081 haec
1077 4018 1224 4084 mihimet
1247 4021 1313 4104 ipsi

218 4117 382 4198 quosdam
412 4116 629 4200 Prologorum
659 4117 762 4201 'Ptogi
799 4119 956 4202 Pompeii
993 4119 1141 4203 scriptos
1177 4122 1313 4186 codices

220 4214 330 4281 videre
345 4218 493 4300 contigit,
511 4223 576 4283 tres
593 4218 724 4303 quidem
740 4218 947 4303 Anglicanos
960 4224 993 4285 et
1008 4228 1152 4304 quatuor
1172 4223 1313 4289 leiden-
