3084 4900
459 395 691 450 resonarent
719 397 764 446 sn
792 397 1037 448 rnarruorus.
1252 382 1297 448 86

576 539 789 604 Gusnrsrus
802 539 877 604 Lib.
893 555 918 602 r.

242 637 304 704 Sed
317 645 357 703 et
369 636 529 722 Valgius,
545 644 579 704 et
591 637 740 718 Verrius,
752 647 787 704 et
799 639 927 722 Trogus
942 639 986 705 (le
1000 639 1220 706 animalibus:
1240 640 1294 704 has

202 760 255 806 res
267 741 356 806 lacte
371 740 544 808 dicuntur:
567 747 602 805 at
615 740 825 807 cousuetudo
840 747 951 806 tamen
964 739 1056 806 alind
1067 742 1229 824 sequitur.

233 872 690 938 uptonnseffitsretreostmr.

490 1017 553 1082 Fr..
568 1017 758 1084 Vor1seus
775 1018 809 1082 in
824 1016 1011 1084 Aureliano.

243 1151 418 1217 Neminem
430 1153 638 1236 scriptorum,
649 1157 811 1236 qnantum
822 1153 867 1218 ad
877 1152 1050 1218 historiam
1060 1153 1212 1237 pertinet,
1227 1171 1296 1218 non

202 1253 327 1338 aliquid
342 1273 416 1318 esse
434 1254 628 1318 mentitum:
650 1252 809 1337 prodente
824 1255 1019 1338 quinetiam,
1034 1254 1069 1318 in
1082 1272 1150 1338 quo
1166 1251 1294 1331 livius,

203 1354 238 1416 in
253 1373 321 1437 quo
336 1354 529 1431 Sallustius,
549 1353 582 1417 in
594 1371 660 1437 qno
675 1351 852 1418 Cornelius
866 1353 1017 1433 Tacitus,
1029 1355 1140 1438 inquo
1155 1354 1296 1436 denique

204 1453 348 1537 Trogus,
362 1455 549 1520 manifestis
561 1456 701 1520 testibus
716 1455 996 1520 convincerentur.

479 1609 480 1612 ¹
608 1620 706 1686 lustr
724 1622 758 1686 in
773 1620 897 1687 Proho.

249 1751 293 1816 Et
305 1753 383 1817 mihi
399 1753 530 1836 quidem
552 1754 584 1819 id
606 1755 707 1819 animi
728 1753 803 1831 luit,
818 1772 883 1818 uon
903 1762 941 1818 ut
961 1751 1153 1828 Sallustios,
1168 1749 1297 1828 Livius,

201 1851 356 1931 Tacitus,
368 1853 510 1936 Trogos,
524 1862 621 1938 atqua
643 1875 756 1920 omnes
776 1854 1017 1918 disertissimos
1036 1854 1185 1919 imitarer
1208 1853 1298 1917 viros

203 1953 240 2015 in
256 1954 326 2018 rita
340 1956 525 2041 principum
537 1960 569 2020 et
582 1954 788 2038 temporibus
803 1953 1013 2019 disserendis.

400 2117 665 2182 Hieronrsus
681 2117 853 2182 Prooemio
865 2117 900 2180 in
914 2115 1100 2182 Danielem.

248 2250 304 2315 hu
326 2248 552 2330 intelligendas
568 2254 679 2314 autem
700 2256 870 2312 extremas
888 2254 998 2331 partes
1022 2248 1174 2314 Danielis
1188 2251 1298 2316 multi·

204 2353 288 2437 plex
308 2351 505 2417 Graecorum
530 2351 666 2416 historia
686 2350 880 2415 necessaria
901 2357 966 2428 est,
978 2354 1040 2416 irc.
1062 2352 1299 2436 precipueque

204 2457 307 2521 nostri
324 2454 424 2533 Livii,
446 2458 479 2517 el
501 2452 655 2536 Pompeii
668 2452 784 2533 Trogi,
803 2458 839 2514 et
853 2450 996 2530 Justini,
1012 2454 1071 2534 qni
1092 2471 1223 2517 omnem
1239 2472 1299 2516 ex·

204 2564 319 2623 trcmae
334 2556 476 2621 visionis
488 2561 618 2619 narrant
639 2552 828 2647 histpriam3
850 2558 884 2616 et
903 2555 981 2635 post
995 2551 1222 2618 Alexandrum
1242 2574 1300 2619 us·

206 2680 271 2743 que
296 2659 338 2724 ad
368 2658 535 2723 Caesarem
560 2654 758 2737 Augustum,
789 2654 897 2737 Syrien
924 2660 959 2717 et
987 2652 1140 2739 AEgypti,
1169 2654 1203 2719 id
1233 2664 1296 2732 est,

207 2760 338 2825 Seleuci
352 2765 385 2825 et
399 2758 568 2836 Antiochi,
581 2763 614 2821 et
624 2755 895 2832 Ptolemaeorum,
910 2754 1000 2818 bella
1010 2753 1213 2820 describunt.

517 2922 615 2987 insu
633 2923 667 2986 in
682 2940 756 3005 cap.
774 2938 807 2983 v.
831 2921 993 2986 Danielis.

252 3057 331 3136 Quo
353 3055 408 3139 [de
430 3055 628 3121 Baithmare
652 3052 812 3138 loquitur]
840 3052 1013 3119 interiecto
1042 3071 1063 3116 a
1092 3053 1197 3118 Dario
1225 3070 1301 3131 rege

210 3158 395 3235 Medorum,
410 3158 470 3241 qni
482 3155 561 3239 Gyri
574 3156 663 3238 regis
679 3154 855 3219 Persarum
868 3154 1055 3219 avunculus
1068 3153 1141 3230 luit,
1157 3161 1191 3216 et
1210 3152 1301 3236 Cyro

209 3260 324 3337 Persa,
349 3278 425 3343 quae
440 3258 507 3323 duo
525 3275 625 3338 regna
640 3254 759 3320 Baias
785 3272 993 3319 aseeruorem
1016 3254 1104 3335 bigae
1126 3252 1244 3318 cameli
1268 3258 1303 3316 et

213 3364 297 3427 asini
306 3364 419 3440 vocat,
433 3358 633 3424 destructum
648 3376 723 3421 esse
737 3358 910 3440 imperium
925 3354 1175 3420 Chaldaeorum.
1198 3354 1302 3433 Quod

211 3463 341 3546 quidem
363 3468 396 3527 et
417 3458 617 3541 Xenophon
638 3458 671 3520 in
699 3454 779 3541 Gyri
801 3456 939 3541 majoris
960 3455 1076 3521 scribit
1100 3456 1250 3532 infantia,
1271 3458 1303 3517 et

209 3564 391 3648 Pompeius
421 3562 563 3643 Trogus,
590 3558 743 3625 etmulti
769 3557 840 3634 alii,
869 3556 928 3641 qni
956 3555 1117 3623 barbaras
1141 3558 1302 3639 scripsere

210 3666 374 3731 historias.

338 3831 590 3896 Aucusnrnus
604 3825 662 3891 lib.
680 3842 728 3889 rr.
752 3823 952 3891 decivitate
966 3823 1034 3889 Dei
1049 3841 1127 3907 cap.
1141 3820 1174 3885 s.

249 3965 402 4032 Iustinus
427 3962 486 4047 qui
509 3959 676 4039 Graecam,
703 3959 755 4025 vel
778 3960 890 4043 potius
915 3958 1132 4042 peregrinam,
1157 3952 1304 4033 Trogum

210 4068 411 4152 Pompeium
436 4068 583 4140 secutum,
607 4080 672 4153 non
694 4060 809 4125 latim
832 4065 971 4135 tanturn,
995 4058 1085 4122 sicut
1102 4055 1168 4132 illc,
1190 4072 1303 4119 rernm

208 4171 307 4235 etiam
329 4166 492 4240 breviter,
519 4164 653 4252 scripsit
678 4161 860 4238 historiam,
884 4178 969 4241 opus
989 4158 1147 4221 librorum
1169 4172 1305 4220 suorum
