3084 4900
757 955 809 1005 DE

409 1160 763 1329 Jusrr'Nr
835 1233 1154 1322 munus.

251 1641 257 1650 ·
341 1683 391 1734 EX
409 1682 572 1736 GERARD!
586 1682 694 1735 JOAN.
710 1680 830 1733 vossii
846 1681 917 1731 uls.
935 1682 957 1731 1.
972 1682 1024 1732 DE
1039 1681 1129 1731 HIS'i'.
1145 1677 1220 1729 LAT.

607 1823 967 1844 Μ

235 2072 269 2160 J
272 2119 412 2181 usuum,
434 2103 491 2188 qui
512 2103 614 2186 Trogi
639 2103 815 2188 Epitomen
827 2103 918 2181 fecit,
933 2121 993 2167 neo
1004 2121 1134 2178 nomen,
1149 2119 1211 2165 neo
1226 2105 1325 2176 atas,

237 2204 440 2270 dubitatione
455 2213 554 2270 caret.
598 2204 639 2268 In
651 2205 731 2270 Ant.
745 2201 885 2270 Amoidi
898 2205 983 2269 libro
997 2204 1226 2268 nominabatur
1245 2200 1326 2265 Jus-

236 2305 325 2369 tinus
341 2305 536 2371 Frontinus:
559 2313 597 2370 at
611 2307 645 2370 in
660 2305 775 2370 codice
796 2304 1012 2370 bibliothecae
1027 2303 1193 2368 Medioeoe
1208 2301 1327 2366 dieitur

237 2405 287 2470 Μ.
301 2404 464 2473 Juuianus
478 2406 644 2474 Justinus.
687 2405 801 2491 Atque
815 2407 880 2472 hoc
902 2407 1013 2471 verine
1033 2423 1166 2481 censeo,
1186 2404 1231 2468 ob
1251 2403 1325 2468 libri

235 2507 310 2591 ejus
334 2508 580 2591 antiquitatem:
602 2510 699 2594 ouJue
718 2512 947 2590 argumentum
968 2526 1033 2571 non
1053 2506 1127 2570 leve
1149 2511 1212 2582 est,
1235 2505 1324 2588 quod

235 2607 339 2673 literis
353 2608 617 2689 Longobardiois
639 2610 782 2693 scriptus
805 2609 858 2673 sit.
903 2607 1004 2686 Quod
1024 2627 1105 2672 vero
1125 2607 1168 2672 ad
1183 2611 1324 2683 aetatem,

235 2706 340 2789 Trogi
365 2708 450 2793 ejus,
475 2710 572 2794 cujus
598 2710 778 2793 Epitomen
802 2710 951 2793 scripsit,
976 2708 1079 2773 tilium
1099 2708 1206 2772 fuisse
1225 2708 1326 2772 tradit

236 2807 414 2873 Gualterus
428 2809 540 2873 Butlei
553 2808 713 2892 Anglicos
731 2810 790 2874 lib.
810 2810 851 2873 de
865 2809 949 2874 Vite
963 2809 1252 2892 Philosophorum,
1267 2809 1324 2891 qui

236 2928 322 2977 anno
339 2924 586 2974 uoooonxxrr.
602 2911 708 2976 editos
723 2912 767 2975 ab
785 2909 934 2976 Amoldo
948 2910 1148 2975 Terffomen.
1179 2909 1248 2975 Sed
1261 2910 1323 2974 hoc

235 3011 363 3076 saeculo
376 3010 425 3074 illi
441 3010 676 3090 condonemus,
691 3032 759 3096 quo
775 3014 869 3077 vixit
902 3013 956 3078 Ac
969 3013 1210 3077 eruditissimos
1225 3013 1324 3077 etiam

235 3112 326 3175 viros
340 3111 440 3177 video
453 3130 539 3191 esse,
564 3114 620 3194 qui
639 3113 845 3196 suspieentur
864 3114 1000 3191 vixisse,
1026 3119 1204 3196 postquam
1221 3115 1324 3195 impe·

235 3212 319 3275 rium
333 3213 524 3277 translatum
544 3213 609 3279 ioit
622 3212 961 3299 Constantinopow
982 3214 1081 3298 idque
1095 3214 1139 3278 ob
1154 3214 1255 3278 verba
1268 3213 1325 3277 ilia

234 3310 292 3375 lib.
312 3329 394 3375 vrrr.
437 3311 631 3379 ‘Graeciam
655 3315 758 3379 etiam
779 3334 862 3377 nunc
883 3320 917 3379 et
940 3315 1079 3394 viribus,
1102 3320 1137 3378 et
1155 3314 1324 3397 dignitate,

235 3412 325 3477 orbis
339 3418 495 3478 terrarum
518 3415 723 3499 principem!
766 3414 836 3479 Sed
864 3414 989 3480 ‘nunc'
1015 3416 1096 3481 istie
1124 3434 1191 3479 non
1215 3415 1325 3497 signat

235 3518 378 3595 tempus,
393 3534 459 3597 quo
471 3513 627 3579 Justinus
642 3517 770 3592 scribit,
786 3516 846 3581 sed
860 3516 902 3581 de
922 3536 990 3599 quo
1005 3517 1135 3595 scribit3
1157 3515 1324 3599 quomodo
1347 3592 1353 3599 ,

176 3624 179 3631 ’
233 3611 323 3679 idem
339 3614 439 3697 paulo
449 3624 529 3698 post
542 3616 610 3682 ait:
635 3616 703 3682 ‘Et
716 3618 791 3683 haec
802 3617 1014 3701 potissimum
1025 3618 1134 3682 iaoere
1148 3616 1324 3681 Thebanos

234 3714 585 3799 Iaoedaemomosque,
612 3722 711 3783 antea
737 3718 823 3783 inter
846 3736 884 3782 se
907 3718 1048 3802 imperii,
1073 3739 1154 3780 nunc
1181 3716 1324 3781 Graeeioe

234 3814 435 3899 imperantis,
455 3816 616 3883 aemulos!
660 3816 730 3882 Ubi
751 3816 880 3882 ‘nune'
898 3818 1013 3882 itidem
1032 3818 1133 3896 valet,
1156 3818 1219 3882 hoo
1243 3824 1324 3881 tem·
1374 3851 1377 3856 ·

233 3932 327 3995 pore,
341 3916 429 3999 qood
437 3916 624 4000 exponitur.
668 3917 773 3982 Plane
787 3937 867 3983 vero
876 3918 1002 3982 vixisse
1016 3918 1156 3983 arbitror
1170 3916 1235 3981 sub
1253 3916 1324 3980 An-

234 4016 350 4079 tonino
364 4015 442 4095 Pio,
454 4026 555 4100 atquo
567 4018 646 4083 boio
657 4018 836 4102 Epitomen
851 4038 948 4084 snam
962 4018 1122 4084 dieasse·
1146 4017 1187 4082 Id
1203 4018 1322 4101 colligo

233 4134 277 4178 ex
290 4116 396 4181 verbis
411 4118 488 4184 istis
503 4118 732 4201 praeiationis:
757 4124 767 4153 ‘
783 4117 887 4196 Quod
904 4118 948 4183 ad
963 4126 1005 4197 te,
1022 4118 1205 4201 Imperator
1218 4119 1321 4184 Anto·
