3084 4900
557 354 628 403 nrs.
651 354 747 406 xcrr.
770 356 852 406 usa.
874 342 905 409 2.
1214 346 1280 413 tle

182 493 335 560 mercede
353 494 614 581 mutuantur
643 500 794 567 dolentes
821 508 971 569 tantnm¹
996 504 1125 570 itineris
1152 506 1276 573 trustra

181 615 359 675 emensum,
381 616 458 669 cum
484 600 564 664 ‘vel
586 601 790 685 stipendium
814 622 876 688 pro
902 607 1088 685 vexatione,
1104 608 1157 671 vel
1172 610 1275 674 alium

179 696 309 763 hostem
337 699 411 764 dari
425 727 426 730 ¹
441 699 524 764 sihi’
550 704 750 785 poscerent,'
779 706 924 788 superbo
951 726 1115 789 responso
1146 709 1275 788 offensi,

181 796 264 863 fines
289 798 484 864 Parthorum
508 807 643 866 vastare
666 810 850 887 eoepemnt
893 804 924 868 3.
948 806 1054 888 Igitur
1073 808 1272 887 Phrahates,

182 916 261 964 cum
275 901 436 965 adversus
450 909 533 966 eus·
557 890 832 987 proficisceretur,
860 906 904 971 ad
929 909 1064 974 tutelam
1088 910 1177 992 regni
1199 912 1276 975 reii-

182 1001 257 1083 qnit·
280 1000 457 1100 Himeram
482 1004 647 1087 quendam
665 1004 821 1087 pueritiae
847 1007 920 1095 sibi·
937 1006 1017 1073 flore
1041 1010 1275 1075 conciliatum:

182 1102 243 1185 qui
257 1106 426 1187 tyrannica
449 1104 651 1183 crudelitate,
665 1106 790 1171 obiitus
814 1114 851 1171 et
873 1108 951 1175 vitae
971 1112 1151 1194 praeteritae
1174 1118 1209 1175 et
1228 1112 1278 1175 vi·

182 1204 266 1268 carii
288 1204 403 1282 officii,
427 1206 631 1291 Babylonios
657 1208 848 1290 multasque
872 1210 1132 1285 alias.civitates
1155 1211 1277 1295 impor-

182 1310 263 1371 tune
278 1308 428 1372 vexavit.
462 1311 494 1373 4.
520 1308 598 1391 [psa
613 1314 726 1372 autern
739 1307 927 1373 Phrahates
939 1312 1124 1375 exercitum
1139 1310 1279 1377 Graeco·

182 1425 266 1485 rum,
280 1425 377 1490 quem
396 1408 486 1473 bello
506 1405 691 1473 Antiochib
712 1414 846 1492 captum
869 1413 1009 1493 superbe
1032 1412 1279 1497 crudeliterque

182 1512 390 1588 tractaverat,
401 1509 437 1574 in
451 1509 576 1575 bellum
590 1529 702 1575 secum
715 1509 827 1591 ducit;
842 1510 1012 1577 immemor
1025 1532 1174 1596 prorsus,
1185 1514 1279 1597 quod

182 1606 323 1675 hostiles
337 1627 449 1675 eorum
465 1612 598 1677 animos
611 1632 673 1677 nec
687 1612 869 1695 captivitas
892 1612 1066 1693 minuerat,
1090 1618 1125 1679 et
1143 1614 1280 1697 insuper

182 1707 378 1792 iujuriarum
402 1712 580 1795 indignitas
600 1716 869 1804 exacerbaverat.
912 1715 945 1778 5.
967 1714 1099 1797 ltaque,
1123 1734 1200 1779 cunr
1226 1714 1276 1778 in·

182 1810 342 1876 clinatarn
357 1812 553 1879 Parthorum
568 1815 675 1881 aciem
692 1813 862 1891 vidissent,
879 1832 971 1879 anua
985 1813 1027 1880 ad
1043 1814 1156 1880 hostes
1169 1820 1275 1879 traus-

182 1913 307 1994 tulere3
329 1912 434 1981 etdiu
450 1915 596 1998 cupitam
611 1914 820 2001 captivitatis
835 1913 1001 1993 ultionem,
1011 1915 1178 1983 exercitus
1194 1914 1276 1981 Par-

181 2013 262 2079 thici
276 2019 311 2079 et
324 2014 432 2099 ipsius
445 2014 621 2079 Phrahatis
634 2015 720 2096 regis
735 2020 871 2079 cruenta
885 2014 989 2093 caede,
1004 2015 1142 2079 executi
1159 2022 1260 2080 sunt-⁶

225 2113 316 2181 Gar.
341 2130 382 2182 rr.
424 2117 456 2181 1.
477 2115 520 2179 In
541 2116 640 2200 hujus
665 2116 775 2181 iocum
796 2113 1000 2193 Artabanus,
1023 2120 1163 2197 patruus
1188 2115 1274 2199 ejus,

182 2236 242 2281 rex
258 2217 475 2283 substituitur.
507 2217 643 2301 Scythae
658 2221 768 2281 autem
785 2216 930 2282 contenti
946 2216 1107 2292 deuna:
1122 2215 1274 2300 depopu-

181 2318 276 2383 lata²
292 2318 442 2396 Parthia,
456 2320 492 2382 in
516 2318 657 2402 patriam
678 2321 892 2381 revertuntur.
934 2315 967 2381 2.
989 2315 1057 2379 Sed
1077 2313 1273 2381 Artabanus

181 2419 273 2488 helio
286 2418 506 2504 Tbogariis³⁸
528 2421 636 2498 illato,
658 2420 693 2485 in
715 2416 857 2483 brachio
872 2416 1077 2495 vulneratus,
1093 2418 1205 2483 statim
1220 2415 1275 2482 de·

181 2521 280 2586 cedit.
322 2522 356 2589 8.
379 2523 471 2588 Huic
488 2521 698 2586 Mithridates
721 2519 812 2583 tilius
829 2518 1011 2583 mccedits
1033 2518 1089 2581 cui
1103 2536 1157 2582 res
1171 2523 1273 2600 μείω

109 2648 117 2660 ·
182 2621 345 2705 ‘Magni’
370 2641 548 2704 cognomen
571 2621 710 2686 dedere:
732 2619 860 2703 quippe
882 2618 1066 2683 claritmem
1087 2626 1272 2703 parentum,

181 2724 392 2789 aemulatione
407 2725 533 2789 virtutis
548 2741 722 2801 accensus,
738 2721 839 2787 animi
860 2720 1083 2804 magnitudine
1103 2737 1272 2806 supergre-

192 2887 225 2957 ᾖ
240 2879 400 2993 &war
406 2879 522 2944 promia
530 2881 643 2944 meede,
652 2878 708 2944 gria
724 2877 812 2928 Parthi
826 2878 983 2944 amabuntur
991 2879 1052 2944 quud
1063 2877 1156 2930 tardius
1165 2877 1224 2943 ipris
1236 2882 1274 2932 ts·

180 2947 417 3084 Ἥιεψῗΐω
430 3007 574 3085 stipadium
582 3022 625 3072 pro
638 3005 716 3057 iubere
725 3008 824 3060 tolerato
834 3007 859 3058 ia
870 3007 965 3071 eber,
974 3008 1011 3058 eei
1020 3005 1093 3058 uttan
1100 3005 1147 3057 tihi
1156 3005 1211 3056 dori
1220 3005 1270 3056 bor·

179 3072 1273 3264 fflffigffizwmmurmaamaam

213 3416 227 3462 1
244 3411 321 3474 vulg.
333 3415 426 3460 mm
435 3411 475 3459 r'ir
492 3410 528 3458 ib
537 3409 611 3460 shut
620 3409 694 3459 Med.
706 3413 732 3458 2.
742 3407 1016 3472 Magt.'l'huan.1eid.
1027 3405 1120 3462 aad.
1137 3405 1212 3458 Bodi.
1223 3419 1272 3456 nec

179 3477 305 3525 maie—8
320 3475 387 3524 Van.
401 3476 467 3524 flor.
479 3473 552 3525 Med.
564 3473 626 3523 Par.
638 3472 697 3521 did.
708 3471 782 3524 dunt.
793 3473 901 3536 Scythas.

128 3564 132 3570 ·
212 3543 226 3589 1
243 3539 339 3590 Thrac.
358 3539 422 3590 Mes.
443 3538 592 3598 Foidenses,
613 3536 687 3586 Leid-
707 3541 730 3586 i.
751 3537 867 3586 victoria⁸
895 3535 976 3585 Plura
996 3535 1051 3600 huj.
1071 3533 1272 3585 constructionis

180 3603 416 3666 erempireoiiegit
426 3602 517 3652 Heius.
528 3600 561 3651 ad
578 3599 647 3649 Veii.
664 3613 696 3649 rr.
709 3603 752 3649 88.
766 3604 792 3650 2.
809 3599 864 3649 hiv.
882 3611 961 3650 xxrv.
980 3601 1021 3649 2⁹.
1043 3599 1204 3648 ‘libertatis
1214 3611 1274 3648 con·

180 3667 334 3717 testard—2
350 3667 418 3717 Flor.
429 3665 491 3717 Arc.
501 3665 576 3718 Jnnt.
590 3664 671 3729 mei.
681 3664 761 3714 P.-r
777 3663 850 3714 Med.
861 3667 887 3713 Β.
904 3671 958 3714 tres
973 3663 1045 3714 leid.
1061 3663 1137 3714 Bodi.
1152 3663 1219 3713 (tort.
1236 3662 1272 3712 N.

677 3783 783 3840 NorAE

212 3899 515 3964 ι(ὶιιιιιιὺεῑΙοΔιιίίοσὴῆ
535 3900 705 3965 Sidetas,qhi,
746 3897 833 3963 periit.

180 3975 707 4042 victoTryphoce,Prrtirisheitumintr·
777 3973 944 4038 scemeca]
974 3973 1193 4024 Pitu'ramarlor
1209 3970 1274 4037 Scy·

179 4057 221 4118 iit,
229 4069 323 4120 suque
332 4057 357 4103 8.
370 4053 466 4116 pretiis
476 4050 571 4117 tregit:
585 4050 631 4101 sed
642 4065 705 4116 pau·
746 4051 843 4102 thicuur
854 4065 934 4115 genus
941 4063 999 4101 esre
1010 4055 1131 4101 testatur.

180 4131 208 4180 lo
221 4137 291 4195 port,
307 4130 368 4180 doro
378 4129 435 4192 ejus
450 4129 545 4180 aitte·
559 4126 707 4192 impruden·
778 4134 790 4186 t
803 4125 835 4176 Α.
844 4127 883 4176 Μ.
892 4129 966 4178 1947.
976 4125 1022 4178 01.
1030 4128 1085 4176 1⁶8.
1095 4128 1119 4176 8.
1130 4125 1164 4174 11.
1172 4125 1204 4176 c.
1212 4126 1273 4178 ddd·

181 4206 233 4257 dus
254 4211 389 4270 vagantur,
407 4221 422 4256 a
443 4204 547 4256 Parthis
567 4217 706 4269 spumans
746 4203 866 4255 Anteh-
878 4206 935 4256 lob.
