3084 4900
622 409 695 458 ins.
720 410 773 458 rs.
797 411 878 459 osu.
901 397 932 458 n.
1249 401 1313 464 100

220 558 325 623 nrodo
346 557 497 634 remedii,
521 558 583 623 sed
606 577 668 623 nec
694 558 813 624 dilatio
839 561 988 644 periculi,
1012 561 1233 628 inveniretur!
1280 567 1311 630 5.

221 658 320 723 Unus
339 665 413 722 erat
426 676 471 721 ex
485 657 640 735 medicis,
666 660 800 724 nomine
817 659 1007 744 Philippus,
1031 663 1089 744 qni
1104 663 1195 726 solus
1209 683 1311 730 reme·

218 759 309 823 diunt
339 759 561 841 polliceretur.
604 759 673 824 Sed
701 765 737 824 et
764 760 876 844 ipsum
903 760 1132 828 Parmenionis
1160 762 1312 844 pridies

219 859 441 943 Cappadocia
464 861 578 924 missa
604 860 754 943 epistole
768 867 959 944 suspectum
985 861 1175 941 iaciebant3
1197 862 1228 927 6.
1251 865 1312 950 qui

218 961 351 1043 ignarus
362 959 562 1025 infirmitatis
581 957 761 1027 Alexandri
776 963 973 1045 scripserat,
998 966 1045 1027 ‘a
1064 962 1225 1048 Philippo
1240 983 1310 1030 me·

217 1060 295 1124 dico
309 1065 459 1124 caveret:
474 1078 552 1124 uam
562 1067 754 1144 corruptum
768 1061 861 1126 illum
876 1082 898 1128 a
913 1063 1019 1127 Dario
1033 1063 1155 1144 ingenti
1169 1065 1310 1146 pecunia

216 1159 313 1224 esse!
354 1161 386 1225 7.
407 1159 528 1226 Tutius
550 1167 662 1226 tamen
684 1169 739 1226 est
762 1169 865 1240 ratus,
893 1162 1005 1228 dubiae
1030 1181 1066 1227 se
1087 1163 1167 1228 tidei
1189 1163 1310 1232 medici
1385 1157 1389 1164 ’

217 1260 365 1336 eredere,
385 1279 485 1343 qnam
498 1260 685 1326 indubitato
698 1265 817 1328 morbo
833 1265 949 1346 perire.
990 1262 1022 1330 8.
1043 1261 1197 1348 Accepto
1211 1266 1310 1348 igitur

215 1363 351 1444 poculo,
376 1361 562 1444 epistolas⁴
582 1361 718 1428 medico
741 1363 897 1442 tradidit;
921 1370 1022 1446 atque
1036 1364 1086 1428 ita
1099 1364 1182 1428 inter
1195 1367 1309 1432 biben-

216 1461 297 1526 dum
321 1463 441 1526 oculos
466 1464 500 1525 ln
520 1462 646 1527 vultum
670 1463 810 1546 legentis
834 1463 984 1528 intendit.
1027 1464 1060 1528 0.
1084 1463 1131 1529 Ut
1155 1485 1307 1532 securum

216 1564 406 1646 conspexit,
428 1563 539 1629 latior
563 1564 674 1628 iactus
696 1571 759 1641 est,
784 1565 1030 1647 sanitatemque
1054 1571 1173 1647 quarte
1189 1567 1244 1632 die
1258 1585 1308 1632 re·

213 1665 317 1748 oepit.

258 1765 348 1830 Car.
368 1783 420 1832 rx.
436 1769 466 1833 1.
490 1769 622 1834 Interea
641 1770 768 1834 Darius
788 1789 864 1836 cum
879 1769 1137 1854 quadringentis¹
1153 1767 1307 1834 millibus¹

213 1866 362 1947 peditum
380 1887 422 1935 ae
442 1875 572 1936 centum
594 1870 741 1936 millibus
767 1871 914 1953 equiturn
941 1871 975 1934 in
1000 1870 1106 1935 aciem
1130 1869 1306 1953 procedito

214 1969 247 2032 2.
271 1966 431 2034 Movebat
455 1971 527 2036 haec
557 1971 737 2035 multitudo
764 1972 923 2048 hostium,
949 1977 1101 2054 respectu
1126 1971 1307 2054 paucitatis

211 2088 297 2148 sue,
322 2069 570 2136 Alexandrumt
592 2071 651 2136 sed
673 2071 838 2138 interdum
865 2073 1053 2154 reputabat,
1084 2081 1305 2155 quantum

212 2191 288 2236 cum
303 2172 369 2238 ista
388 2174 557 2258 paucitate
580 2172 755 2255 gessisset,
770 2177 980 2255 quantosque
995 2171 1138 2254 populos
1152 2170 1303 2236 fudisset.

211 2271 243 2336 3.
268 2273 387 2357 ltaque
411 2294 489 2339 cunr
512 2291 592 2356 spes
604 2280 731 2336 rnatum
744 2273 904 2348 vinceret,
930 2271 1155 2354 periculosius
1176 2270 1303 2334 differre

209 2374 333 2439 beilum
348 2382 452 2452 ratus,
475 2393 517 2438 ne
543 2372 732 2457 desperatio
759 2372 832 2436 suis
853 2375 1039 2448 cresceret*
1063 2371 1304 2435 circumvectus

209 2494 304 2553 snos,
328 2477 476 2559 singulae
498 2482 613 2557 gentes
628 2474 764 2539 diversa
791 2476 938 2539 oratioue
951 2470 1151 2555 alloquitur:
1172 2473 1203 2536 4.
1221 2471 1303 2555 llly-

208 2577 277 2640 rios
292 2585 328 2641 et
340 2578 489 2643 'l'nracas
504 2595 606 2659 opum
627 2594 669 2639 ac
689 2575 880 2641 divitiarum
895 2573 1139 2652 ostentatione;
1163 2572 1303 2639 Graecos

208 2683 356 2743 veterum
377 2678 539 2742 bellorum
565 2676 722 2741 memoria
744 2676 1000 2759 internecivique
1015 2694 1091 2739 cnm
1107 2672 1221 2738 Persis
1235 2674 1303 2739 odii

210 2779 429 2859 accendebat;
460 2782 493 2843 5.
524 2778 741 2843 Macedonas3
772 2784 885 2843 autern
913 2796 1001 2843 nune
1031 2776 1177 2859 Europae
1202 2777 1302 2841 vietae

238 2948 247 2981 ¹
264 2950 323 3001 ha
333 2952 442 3001 cestim
450 2951 486 3001 its
496 2950 668 3013 sinissrigsre
679 2950 746 3001 serni
755 2951 806 3012 ejss
821 2953 936 3002 eostrsrti
946 2956 1010 3013 sant,
1020 2956 1047 3000 st
1058 2964 1112 2999 esce
1121 2949 1246 2997 ineram
1255 2962 1301 2997 sos

205 3018 299 3142 ztan
308 3031 362 3080 spes
374 3016 471 3065 medis*
481 3030 526 3064 sss
541 3021 678 3079 must,
687 3018 729 3065 sed
746 3030 789 3065 sec
800 3017 944 3066 ismiretsr
954 3016 1066 3081 qsossodo
1078 3013 1208 3077 perississr
1218 3012 1301 3061 nouis

204 3253 346 3315 effudit—⁴
358 3256 472 3319 Ερέιίοὶσ
482 3270 539 3318 pro,
550 3255 670 3319 epistota,
680 3260 710 3305 ut
719 3268 762 3319 sp.
774 3254 916 3319 Hegesipp.
927 3268 946 3305 r.
958 3260 1000 3305 tt.
1025 3255 1032 3283 ‘
1047 3254 1112 3303 Nam
1125 3258 1179 3303 tum
1191 3252 1301 3301 maxime

205 3316 321 3368 Salenses
334 3320 477 3383 maenium
489 3319 553 3369 dolis
569 3320 726 3379 tentsbstnr,
736 3319 844 3369 directis
862 3320 987 3383 epistolis,
998 3332 1060 3384 ques
1070 3319 1183 3368 Sslcmes
1196 3317 1299 3366 nomine

205 3382 346 3445 Antipater
361 3390 539 3447 composuerat
549 3383 566 3432 :’
584 3393 613 3433 et
630 3384 771 3433 Auctorem
783 3384 838 3433 libr.
855 3384 976 3434 Macran.
987 3396 1006 3433 ι.
1021 3388 1059 3433 10.
1071 3388 1096 3431 t.
1128 3381 1242 3431 ‘Eritne
1259 3386 1299 3429 est

203 3447 350 3509 exemplum
361 3448 538 3511 epistolarum,
546 3462 607 3511 quas
618 3447 722 3510 scripsit
732 3447 859 3497 doustlrss
868 3448 1007 3533 Spartiatis
1016 3452 1031 3497 τ’
1042 3456 1070 3497 et
1083 3461 1109 3497 ν.
1118 3450 1157 3497 10.
1189 3448 1196 3473 ‘
1210 3446 1244 3495 Et
1252 3445 1299 3495 noc

203 3516 245 3558 est
256 3512 594 3574 rescriptnmepistolsrnm,
604 3525 667 3575 quas
676 3511 781 3560 ruberet
792 3512 883 3561 (iniat
911 3521 939 3562 et
950 3512 1076 3563 saxonem
1087 3524 1144 3559 xrs.
1155 3524 1181 3573 p.
1192 3513 1248 3559 040.
1258 3512 1299 3557 00.

201 3574 211 3600 ⁴
225 3572 406 3639 Perlectrsqne
416 3576 542 3638 epistolas
553 3575 663 3639 Magnus
674 3588 733 3625 cusu
744 3588 867 3638 responsu
876 3584 1032 3639 excepturus
1044 3574 1194 3638 putaretur!
1228 3571 1300 3621 Med.

205 3636 283 3687 Bodt.
293 3638 367 3688 laeid.
378 3646 403 3688 4.
413 3640 543 3703 φώκη.

234 3705 248 3751 1
258 3702 300 3751 its
307 3702 449 3753 Mattheus
458 3703 509 3753 AEt.
523 3718 547 3751 r.
556 3706 581 3753 8.
598 3716 686 3752 sarnus
695 3701 780 3751 Poris.
790 3702 833 3752 ed.
843 3702 922 3753 Beclr.
931 3704 998 3752 Ver.
1008 3700 1077 3751 Ftor.
1088 3700 1160 3750 Med.
1169 3698 1228 3747 Par.
1238 3698 1298 3747 Ald.

201 3763 276 3816 Jnnt.
287 3766 366 3816 Oros.
377 3780 421 3816 nr.
439 3770 479 3816 ld.
502 3774 530 3816 et
540 3768 616 3816 Fron.
629 3779 648 3815 r.
663 3770 688 3816 4.
699 3770 739 3815 tt.
762 3766 933 3817 erecestre—a
952 3762 1047 3820 Scheff.
1065 3765 1193 3829 probante
1209 3763 1298 3813 (inv.

200 3828 266 3892 legit
276 3844 307 3878 se
317 3832 341 3880 d.
354 3844 464 3880 merresa
482 3830 556 3879 Leid.
569 3835 592 3881 1.
602 3837 627 3880 6.
643 3846 672 3879 se
687 3832 712 3879 4.
724 3844 836 3883 merx.
846 3832 953 3880 ssia-t
973 3830 1049 3895 vulg.
1064 3829 1212 3879 Macedones.
1224 3826 1297 3875 Med.

697 3988 804 4040 ΝΟΜ

231 4101 444 4165 ‘stdrisgsstis
473 4102 588 4166 ssiiis'bss]
623 4103 725 4154 Arrisit.
799 4104 862 4166 tri.
885 4104 923 4153 M.
943 4106 1015 4153 0101.
1037 4102 1080 4153 01.
1099 4106 1154 4151 111.
1173 4103 1197 4150 4.
1224 4100 1298 4151 U.C.
1346 4134 1355 4143 -

199 4180 258 4227 000.
267 4178 305 4226 Μ.
316 4179 359 4227 alii
370 4178 487 4241 peditum
498 4181 555 4230 400.
565 4180 604 4229 Μ.
611 4180 727 4243 equiturn
767 4182 825 4229 400.
843 4178 906 4229 Ant.
919 4178 1031 4228 Claui.

201 4255 257 4300 roo.
267 4252 305 4301 M.
315 4260 460 4305 numerant.
