3084 4900
581 426 652 475 urs.
677 428 759 475 vnr.
783 430 862 479 cnr.
885 418 917 479 l.
1223 426 1288 491 163
1397 502 1402 509 ,

191 561 330 628 condior
344 564 506 631 adversus
519 568 645 648 hostes,
660 571 771 638 suctus
786 582 859 640 est:
894 576 947 643 16.
973 576 1057 643 adeo
1073 584 1121 659 ut,
1136 579 1286 666 interjec-

192 664 236 727 tis
252 663 381 742 diebus,
406 686 525 748 pacem
545 670 805 755 deprecantibus
828 676 972 758 dederit;
1001 700 1064 745 nec
1077 682 1288 748 moderatust
1358 741 1367 757 .

189 770 330 844 tuntum,
346 785 459 831 verum
477 770 578 835 etium
592 774 694 853 mitis,
710 773 871 841 adversus
888 779 996 843 victos
1010 779 1120 846 suerit.

682 940 707 991 N
710 938 789 991 OTAE

223 1034 404 1099 vunonem]
415 1036 511 1088 Urbem
522 1040 651 1106 direptam
663 1044 717 1093 soto
757 1045 893 1116 Gemisto:
915 1053 944 1098 et
970 1049 1089 1100 Antoren
1113 1054 1185 1103 cruci
1215 1051 1285 1117 effigi
1344 1096 1347 1104 ,

190 1110 313 1175 nqnnvit,
333 1111 453 1176 civesque
471 1114 548 1177 ejecit
572 1116 663 1181 nudor,
684 1133 717 1167 ex
751 1122 839 1186 jussit,
847 1138 880 1172 ex
890 1123 962 1173 snio.

555 1406 917 1445 ᾖ

554 1608 559 1617 Ι
584 1668 749 1743 LIBER
776 1671 888 1745 vm.

525 1888 756 1941 nsnvtnntun
774 1893 944 1946 cnPITUM.

229 2044 261 2107 1.
284 2039 430 2109 Groeciae
445 2042 559 2107 clades
574 2045 638 2109 sub
657 2044 816 2130 Phiiippo
841 2046 1035 2115 Macedone.
1078 2052 1231 2119 'l'hebuni
1246 2064 1281 2121 ct

186 2144 379 2209 Phocenses
392 2144 472 2208 bebi
494 2144 606 2209 civilis
630 2145 735 2209 faces.
780 2147 812 2211 2.
833 2147 987 2213 'l'bebeni
1008 2150 1203 2237 Philippum
1228 2178 1280 2221 nr-

186 2250 320 2311 cessunt
334 2254 451 2311 contre
469 2244 668 2309 Phocenses.
703 2245 923 2312 Athenienses
938 2252 1115 2317 transitum
1130 2253 1279 2339 Philippi

186 2347 222 2410 in
236 2346 407 2413 Graeciem
422 2345 580 2430 impedire
594 2346 741 2413 student.
764 2348 797 2413 3.
811 2348 988 2433 Philippus
998 2352 1152 2418 civitates
1166 2357 1278 2421 socios

186 2448 325 2532 diripit:
362 2446 615 2532 Cappadociam
644 2450 854 2515 Macedoniae
883 2453 1056 2535 adjungit:
1093 2454 1275 2539 Olynthios

186 2550 294 2614 delet:
309 2550 520 2614 latrocinium
534 2557 672 2614 exercet
681 2551 784 2614 variis
793 2550 916 2616 modis.
959 2554 991 2616 4.
1007 2553 1278 2635 Atheniensibus,

184 2649 539 2730 ThessalisBoeotiis,
551 2657 585 2716 ot
593 2649 949 2718 Phocensibusonilide
960 2655 1148 2738 imponens,
1158 2677 1277 2740 angus·

185 2753 252 2816 tius
273 2751 569 2836 Thermopylarum
593 2760 746 2837 occupat.
790 2756 825 2818 5.
849 2753 1045 2820 Phocenses
1069 2757 1113 2822 sd
1136 2759 1277 2822 deditio-

185 2871 272 2932 nem,
285 2862 318 2920 et
328 2854 479 2936 reliquos
488 2849 628 2918 Graeoos
640 2853 732 2934 cogit
739 2853 781 2918 ud
796 2853 916 2919 servite
926 2855 1130 2939 obsequium.
1152 2859 1184 2923 6.
1200 2859 1278 2923 Μο-

185 2955 354 3021 unrcbinm
369 2975 444 3022 cum
462 2972 589 3020 summa
602 2953 768 3038 injustitia
782 2955 964 3020 constituit.

230 3393 320 3459 Gne.
338 3409 362 3458 1.
385 3393 418 3457 l.
444 3390 589 3458 Graeciae
606 3394 775 3471 civitates,
798 3393 875 3458 dnm
890 3395 1050 3476 imperare
1064 3393 1203 3476 singulus
1219 3412 1278 3458 cu-

186 3496 294 3578 piunt,
309 3494 481 3577 imperium
496 3513 608 3558 omnes
623 3493 854 3578 perdiderunt:
885 3497 917 3560 2.
933 3496 1068 3577 quippe,
1081 3495 1113 3557 in
1127 3502 1276 3559 mutuum

187 3596 325 3662 exitium
342 3596 412 3660 sine
429 3593 529 3669 modo
544 3601 687 3673 ruentes,
711 3595 867 3659 omnibus
881 3597 1013 3679 perire·
1032 3595 1121 3677 quod
1137 3597 1277 3675 singulm

186 3697 373 3762 emitterent
384 3713 451 3760 non
465 3695 531 3760 nisi
547 3714 717 3780 oppressae
734 3701 901 3765 senserunt
912 3708 942 3760 ι·
964 3696 997 3760 3.
1016 3694 1182 3780 siquidem
1198 3693 1277 3760 Phi·

218 3869 230 3892 ¹
241 3859 315 3922 Nm,
331 3863 386 3909 dnn
403 3829 536 3924 conspirent
546 3862 572 3910 tn
582 3867 687 3911 mutuam
699 3862 837 3927 pemieien,
852 3877 898 3912 nou
915 3861 1137 3921 mmmmm,
1153 3858 1200 3907 nist
1215 3861 1279 3920 post·

186 3939 254 3988 vnn
263 3925 365 3976 retacta
376 3926 689 3990 renumerandum,
699 3941 752 3990 quo
762 3928 862 3988 nanto
872 3927 1002 3989 merent.

680 4069 786 4121 NOTAE

218 4187 230 4213 ⁸
247 4179 361 4230 Omnibus
369 4177 461 4244 perire]
477 4179 549 4232 Bene
570 4179 713 4230 Gruternsz
754 4191 843 4228 ornnes
854 4175 984 4236 emittere,
1001 4174 1070 4239 quod
1091 4172 1197 4238 singulte
1213 4175 1281 4239 peri·

190 4257 300 4308 Grecis
311 4256 431 4307 ctutum
443 4270 493 4306 uon
505 4261 565 4308 ente
578 4260 714 4308 senserunt
753 4254 810 4316 bet,
821 4265 896 4320 quum
909 4252 1027 4316 cumjnn
1038 4257 1125 4302 esseut
1137 4263 1277 4317 oppresse.
