3084 4900
662 412 866 466 euaristo.
1287 399 1310 463 7

218 575 273 622 ses
287 555 412 622 Justiui
432 555 526 622 libris
539 574 704 636 annexos,
727 564 762 622 et
782 562 902 642 praeter
922 557 984 622 hos
998 556 1164 640 quintum,
1179 558 1236 640 qui
1258 577 1310 622 se·

217 659 358 742 paratim
382 663 580 741 compactus
592 665 686 723 erat.
731 657 823 722 Inter
842 659 904 723 bos
924 659 1116 743 praecipuus
1130 666 1203 721 erat
1217 658 1309 722 ebar-

218 766 334 826 tuceus
346 757 466 836 codex,
477 759 537 842 qui
552 759 594 822 cl.
605 757 780 824 Perizonii·
790 759 871 823 olim
885 759 964 823 fuit:
979 759 1090 842 plures
1104 777 1182 822 vero
1196 758 1308 822 horum

218 858 449 942 Prologorom,
462 879 524 924 nec
538 879 602 924 non
615 857 741 924 tustini
752 860 898 936 codices,
910 864 982 923 tum
995 859 1031 922 in
1046 859 1163 922 Diario
1174 858 1308 934 Italico,

218 969 286 1026 tum
300 979 360 1045 per
373 960 498 1042 literas,
512 960 593 1026 mihi
615 961 778 1026 indicavit
799 960 886 1025 Rev.
910 960 956 1026 D.
973 958 1162 1025 Beruardus
1173 958 1310 1024 -ldoute-

216 1061 395 1140 inlcouius,
407 1081 494 1145 quos
508 1063 537 1126 si
551 1081 701 1146 unquam
712 1063 888 1146 inspicere,
903 1070 1005 1144 atque
1020 1061 1120 1145 adyta
1135 1060 1309 1124 Musarum

216 1163 251 1226 iu
265 1163 612 1246 quibusesservautur
626 1164 730 1241 odire,
745 1163 880 1229 senuna
892 1165 974 1228 mihi
989 1163 1126 1240 dederit,
1140 1162 1175 1225 in
1189 1162 1310 1227 iisdem

217 1263 426 1330 excutiendis
440 1283 493 1328 me
506 1263 694 1347 diligentem
710 1265 783 1329 lore
803 1266 837 1328 in
858 1265 1012 1349 praesenti
1027 1265 1195 1348 promitto.
1241 1263 1311 1328 De·

216 1365 316 1447 nique
345 1363 493 1429 Iudicem
522 1364 829 1430 Freinshemianum
854 1364 968 1428 multis
992 1365 1144 1449 partibus
1174 1370 1310 1428 auctum

218 1463 295 1530 huic
309 1465 449 1530 editioni
464 1464 612 1549 adjunxi.
641 1466 797 1531 Ceterum
810 1464 872 1542 Te,
886 1464 1055 1530 Benevole
1069 1463 1199 1541 lecto,
1214 1481 1309 1544 rogo,

217 1572 265 1644 ut,
276 1572 457 1650 postquam
471 1567 559 1658 hanc
574 1567 752 1631 editionem
767 1565 935 1648 exegeris,
947 1584 1085 1649 aequum
1097 1563 1139 1628 de
1152 1583 1206 1628 me
1216 1562 1310 1646 judi-

217 1666 307 1732 cium
321 1668 419 1746 feras,
435 1677 481 1746 et,
496 1675 620 1752 quanto
642 1687 743 1752 opere
766 1668 948 1733 Paternum
962 1665 1166 1748 Avitumque
1186 1683 1311 1735 motem

216 1768 253 1833 iu
275 1769 473 1854 indagandis
499 1770 659 1835 doctrines
675 1770 808 1834 arcanis
829 1776 864 1832 et
884 1786 972 1832 nuuc
994 1767 1120 1832 imitari
1140 1772 1175 1831 et
1193 1770 1310 1849 postea

219 1868 407 1936 confirmato
431 1871 533 1936 animi
556 1871 675 1936 robore
699 1869 839 1953 assequi
854 1868 950 1946 velle,
972 1888 1017 1932 ex
1037 1869 1101 1931 boc
1123 1865 1184 1930 otii
1201 1865 1311 1949 speci-

217 1971 306 2036 mine
321 1977 462 2038 statuas.
723 2025 724 2028 ,
969 1967 973 1980 ’
1312 2017 1315 2024 .

260 2070 316 2138 ltu
336 2072 405 2138 iere
431 2074 512 2138 olim
536 2072 715 2156 preesabar,
736 2093 812 2138 cum
825 2073 996 2138 lustinum
1017 2071 1224 2155 publicarem
1246 2087 1312 2132 uua

217 2193 292 2239 eum
315 2175 501 2258 specimine
515 2176 713 2251 variantium
735 2175 928 2267 lectionum,
945 2181 1014 2238 tam
1033 2172 1199 2238 Codicum
1223 2169 1309 2235 Mas.

218 2295 318 2359 quam
344 2276 545 2355 Editionum,
571 2278 696 2361 quibus
717 2277 844 2342 fueram
870 2296 973 2340 usus:
1002 2275 1079 2340 illas
1102 2281 1215 2337 autem
1231 2273 1312 2336 ube·

217 2377 320 2444 riores
335 2395 381 2443 ex
393 2378 514 2444 iisdem
528 2379 788 2464 exemplaribus,
802 2385 870 2444 mm
891 2395 993 2441 mauu
1008 2393 1110 2459 quam
1129 2374 1220 2458 typis
1231 2391 1312 2436 exa·

216 2480 310 2558 ntis,
341 2500 419 2563 qum
447 2482 589 2546 subinde
615 2482 651 2545 in
680 2500 798 2546 manus
822 2498 916 2543 meas
939 2480 1167 2561 pervenerunt,
1190 2476 1225 2538 in
1247 2474 1312 2538 hac

217 2580 362 2647 editione
374 2583 616 2666 repraesentavi.
640 2582 784 2648 Istorum
797 2581 896 2663 igitur
909 2581 1044 2645 brevem
1056 2578 1208 2642 noudum
1222 2573 1313 2653 Tibi,

217 2682 387 2749 Benevola
401 2684 533 2761 Lector,
547 2685 603 2749 hic
617 2684 796 2749 exhibebo.
1218 2707 1220 2710 ·

243 2840 246 2847 .
260 2782 330 2849 Sex
345 2782 490 2851 Codices
503 2784 629 2867 lusani
651 2785 731 2852 mihi
754 2784 985 2869 suppeditavit
1000 2781 1213 2846 Bibliotheca
1225 2778 1313 2861 pub·
1426 2801 1428 2805 ’

217 2886 286 2953 lica
312 2886 508 2953 Iseideusis:
540 2908 680 2971 quorum
705 2888 775 2953 duo
799 2887 928 2972 priores
950 2887 1036 2951 inter
1058 2886 1205 2951 Codices
1227 2882 1328 2957 Mes„

217 2986 359 3057 Iatiues
384 2987 618 3069 Bibliothecae,
644 2996 709 3055 tres
731 2990 816 3055 inter
838 2988 981 3055 Codices
1006 2988 1094 3052 Mes.
1109 2985 1313 3063 Vossianus,

219 3094 447 3157 asservantur:
470 3096 586 3155 sextus
601 3096 654 3155 est
668 3091 784 3175 legati
799 3090 1022 3156 Perizoniani.

260 3192 396 3259 Illorum
420 3212 587 3258 numemm
606 3200 703 3258 autea
717 3193 849 3277 quidem
873 3194 909 3258 iu
934 3190 1183 3256 annotationum
1202 3176 1313 3273 speci·

217 3295 304 3360 mine
327 3294 525 3377 digesseram
544 3295 645 3378 juxta
670 3295 842 3378 scripturae
864 3297 1076 3369 vetustatem,
1097 3310 1201 3374 uuam
1227 3311 1313 3376 prm·

216 3395 379 3463 ferebant:
401 3415 487 3461 nunc
501 3415 579 3461 vero
589 3396 691 3478 jnnra
704 3395 867 3473 ordinem,
881 3393 1063 3460 secundum
1078 3410 1176 3476 quem
1187 3393 1313 3476 inipso

217 3497 428 3563 Bibliotheca
441 3506 518 3563 snut
531 3499 684 3581 repositi,
698 3496 849 3563 exhibui.

261 3598 395 3663 Primus
414 3600 449 3663 iu
469 3599 551 3664 solio
566 3599 839 3670 membranaceus
853 3602 929 3663 anto
943 3597 1202 3681 quadringentos
1217 3594 1313 3660 circi·

218 3704 268 3765 ter
292 3717 401 3764 anuos
423 3706 594 3779 exaratus,
621 3709 723 3783 atque
748 3700 911 3765 haetenus
933 3700 1059 3782 optime
1083 3703 1312 3773 conservatus,

218 3800 470 3884 comprehendit
484 3806 495 3837 ‘
508 3803 622 3868 Orosii
636 3803 740 3868 libros
756 3818 822 3864 vn.
834 3800 876 3865 de
891 3800 1045 3865 Ormesta
1055 3797 1187 3875 Mundi,
1197 3796 1314 3862 Prolo-
1413 3878 1418 3887 Ι

218 3920 278 3987 gos
289 3903 445 3968 librorum
453 3903 558 3987 Trogi
570 3905 739 3988 Pompeii,
749 3902 980 3968 ottustinum!
995 3902 1127 3985 Prologi
1139 3907 1171 3967 et
1186 3898 1312 3983 priores

217 4003 345 4069 Justini
369 4004 446 4070 libri
465 4007 612 4071 numeris
634 4012 668 4071 et
688 4007 833 4071 rubricis
856 4005 1086 4071 destituuntur.
1131 3998 1244 4065 Pdma
1257 4018 1313 4065 ru·

218 4104 310 4171 brica
325 4105 456 4171 demum
471 4112 609 4192 apparet
624 4106 668 4171 ad
683 4108 811 4173 calcem
831 4107 908 4172 libri
923 4122 1064 4171 xxviii.
1080 4123 1187 4186 eaque
1200 4103 1316 4187 hujus·

217 4185 307 4271 modi
323 4213 391 4273 est:
415 4206 592 4293 ‘Pompeii
607 4210 709 4293 Trogi
719 4212 863 4294 epitome
873 4208 1085 4275 historiarum
1098 4205 1182 4270 liber
1191 4203 1312 4286 vigesi-
