<?xml version="1.0" encoding="UTF-8"?>
<!DOCTYPE html PUBLIC "-//W3C//DTD XHTML 1.0 Transitional//EN"
    "http://www.w3.org/TR/xhtml1/DTD/xhtml1-transitional.dtd">
<html xmlns="http://www.w3.org/1999/xhtml" xml:lang="en" lang="en">
 <head>
  <title>
</title>
<meta http-equiv="Content-Type" content="text/html;charset=utf-8" />
  <meta name='ocr-system' content='tesseract 3.04.00' />
  <meta name='ocr-capabilities' content='ocr_page ocr_carea ocr_par ocr_line ocrx_word'/>
</head>
<body>
  <div class='ocr_page' id='page_1' title='image "./historiaephilip02justgoog/historiaephilip02justgoog_0020.png"; bbox 0 0 3084 4900; ppageno 0'>
   <div class='ocr_carea' id='block_1_1' title="bbox 243 403 905 467">
    <p class='ocr_par' dir='ltr' id='par_1_1' title="bbox 243 403 905 467">
     <span class='ocr_line' id='line_1_1' title="bbox 243 403 905 467; baseline 0.003 -9"><span class='ocrx_word' id='word_1_1' title='bbox 243 403 266 467; x_wconf 79' lang='grc'>4</span> <span class='ocrx_word' id='word_1_2' title='bbox 661 417 696 463; x_wconf 80' lang='lat' dir='ltr'><strong>a.</strong></span> <span class='ocrx_word' id='word_1_3' title='bbox 721 410 905 463; x_wconf 74' lang='lat' dir='ltr'><strong>caouovtt</strong></span> 
     </span>
    </p>
   </div>
   <div class='ocr_carea' id='block_1_2' title="bbox 241 554 1341 4299">
    <p class='ocr_par' dir='ltr' id='par_1_2' title="bbox 241 554 1341 4299">
     <span class='ocr_line' id='line_1_2' title="bbox 242 554 1335 637; baseline -0.004 -13"><span class='ocrx_word' id='word_1_4' title='bbox 242 581 296 625; x_wconf 90' lang='lat' dir='ltr'><strong>mo</strong></span> <span class='ocrx_word' id='word_1_5' title='bbox 310 559 416 624; x_wconf 81' lang='lat' dir='ltr'><strong>infixa</strong></span> <span class='ocrx_word' id='word_1_6' title='bbox 430 557 539 624; x_wconf 90' lang='lat' dir='ltr'><strong>animo</strong></span> <span class='ocrx_word' id='word_1_7' title='bbox 554 577 596 622; x_wconf 88' lang='lat' dir='ltr'><strong>ea</strong></span> <span class='ocrx_word' id='word_1_8' title='bbox 608 576 812 635; x_wconf 81' lang='lat' dir='ltr'><strong>conservare,</strong></span> <span class='ocrx_word' id='word_1_9' title='bbox 836 562 869 620; x_wconf 90' lang='lat' dir='ltr'><strong>et</strong></span> <span class='ocrx_word' id='word_1_10' title='bbox 888 554 1042 619; x_wconf 78' lang='lat' dir='ltr'>uberiore</span> <span class='ocrx_word' id='word_1_11' title='bbox 1062 555 1152 637; x_wconf 84' lang='lat' dir='ltr'><strong>stylo</strong></span> <span class='ocrx_word' id='word_1_12' title='bbox 1168 555 1202 618; x_wconf 92' lang='lat' dir='ltr'><strong>iu</strong></span> <span class='ocrx_word' id='word_1_13' title='bbox 1215 575 1335 637; x_wconf 79' lang='lat' dir='ltr'><strong>oppor-</strong></span> 
     </span>
     <span class='ocr_line' id='line_1_3' title="bbox 243 657 1335 743; baseline -0.005 -17"><span class='ocrx_word' id='word_1_14' title='bbox 243 663 405 728; x_wconf 89' lang='lat' dir='ltr'><strong>tuniorem</strong></span> <span class='ocrx_word' id='word_1_15' title='bbox 418 662 699 728; x_wconf 89' lang='lat' dir='ltr'><strong>commemorandi</strong></span> <span class='ocrx_word' id='word_1_16' title='bbox 708 661 821 742; x_wconf 85' lang='lat' dir='ltr'><strong>locum</strong></span> <span class='ocrx_word' id='word_1_17' title='bbox 833 658 978 743; x_wconf 77' lang='lat' dir='ltr'><strong>rejicere,</strong></span> <span class='ocrx_word' id='word_1_18' title='bbox 988 658 1172 742; x_wconf 69' lang='lat' dir='ltr'><strong>prestabit</strong></span> <span class='ocrx_word' id='word_1_19' title='bbox 1215 657 1335 738; x_wconf 82' lang='lat' dir='ltr'><strong>Itaque</strong></span> 
     </span>
     <span class='ocr_line' id='line_1_4' title="bbox 244 757 1335 843; baseline 0.005 -15"><span class='ocrx_word' id='word_1_20' title='bbox 244 784 331 829; x_wconf 90' lang='lat' dir='ltr'><strong>nunc</strong></span> <span class='ocrx_word' id='word_1_21' title='bbox 345 765 388 829; x_wconf 87' lang='lat' dir='ltr'><strong>ad</strong></span> <span class='ocrx_word' id='word_1_22' title='bbox 399 764 569 829; x_wconf 78' lang='lat' dir='ltr'><strong>lustinum</strong></span> <span class='ocrx_word' id='word_1_23' title='bbox 583 769 736 828; x_wconf 69' lang='lat' dir='ltr'><strong>revedar.</strong></span> <span class='ocrx_word' id='word_1_24' title='bbox 761 762 884 827; x_wconf 89' lang='lat' dir='ltr'><strong>Habes</strong></span> <span class='ocrx_word' id='word_1_25' title='bbox 898 761 1007 843; x_wconf 84' lang='lat' dir='ltr'><strong>igitur,</strong></span> <span class='ocrx_word' id='word_1_26' title='bbox 1022 758 1190 824; x_wconf 81' lang='lat' dir='ltr'><strong>Benevola</strong></span> <span class='ocrx_word' id='word_1_27' title='bbox 1201 757 1335 834; x_wconf 74' lang='lat' dir='ltr'><strong>lector,</strong></span> 
     </span>
     <span class='ocr_line' id='line_1_5' title="bbox 243 859 1336 950; baseline -0.005 -21"><span class='ocrx_word' id='word_1_28' title='bbox 243 863 266 929; x_wconf 83' lang='lat' dir='ltr'>J</span> <span class='ocrx_word' id='word_1_29' title='bbox 269 867 369 928; x_wconf 87' lang='lat' dir='ltr'><strong>nstlni</strong></span> <span class='ocrx_word' id='word_1_30' title='bbox 383 865 556 932; x_wconf 85' lang='lat' dir='ltr'><strong>contextui</strong></span> <span class='ocrx_word' id='word_1_31' title='bbox 565 864 743 950; x_wconf 84' lang='lat' dir='ltr'><strong>adjunctos</strong></span> <span class='ocrx_word' id='word_1_32' title='bbox 753 865 898 942; x_wconf 73' lang='lat' dir='ltr'><strong>integros</strong></span> <span class='ocrx_word' id='word_1_33' title='bbox 910 863 1164 926; x_wconf 81' lang='lat' dir='ltr'><strong>commentarios</strong></span> <span class='ocrx_word' id='word_1_34' title='bbox 1177 859 1336 924; x_wconf 84' lang='lat' dir='ltr'>Virorum</span> 
     </span>
     <span class='ocr_line' id='line_1_6' title="bbox 244 963 1337 1048; baseline -0.002 -18"><span class='ocrx_word' id='word_1_35' title='bbox 244 965 427 1042; x_wconf 86' lang='lat' dir='ltr'><strong>doctorum,</strong></span> <span class='ocrx_word' id='word_1_36' title='bbox 442 965 501 1048; x_wconf 90' lang='lat' dir='ltr'><strong>qni</strong></span> <span class='ocrx_word' id='word_1_37' title='bbox 514 965 647 1030; x_wconf 84' lang='lat' dir='ltr'><strong>dnobus</strong></span> <span class='ocrx_word' id='word_1_38' title='bbox 660 964 835 1048; x_wconf 71' lang='lat' dir='ltr'><strong>praetentis</strong></span> <span class='ocrx_word' id='word_1_39' title='bbox 847 964 984 1030; x_wconf 81' lang='lat' dir='ltr'><strong>saeculis</strong></span> <span class='ocrx_word' id='word_1_40' title='bbox 999 963 1187 1045; x_wconf 77' lang='lat' dir='ltr'><strong>diligentem</strong></span> <span class='ocrx_word' id='word_1_41' title='bbox 1201 981 1337 1044; x_wconf 83' lang='lat' dir='ltr'><strong>operam</strong></span> 
     </span>
     <span class='ocr_line' id='line_1_7' title="bbox 243 1063 1336 1149; baseline -0.003 -20"><span class='ocrx_word' id='word_1_42' title='bbox 243 1066 280 1129; x_wconf 93' lang='lat' dir='ltr'><strong>in</strong></span> <span class='ocrx_word' id='word_1_43' title='bbox 291 1064 461 1130; x_wconf 84' lang='lat' dir='ltr'><strong>Jnstinum</strong></span> <span class='ocrx_word' id='word_1_44' title='bbox 475 1067 702 1148; x_wconf 88' lang='lat' dir='ltr'><strong>contulerunt;</strong></span> <span class='ocrx_word' id='word_1_45' title='bbox 721 1085 863 1149; x_wconf 91' lang='lat' dir='ltr'><strong>qnorum</strong></span> <span class='ocrx_word' id='word_1_46' title='bbox 876 1064 1026 1129; x_wconf 87' lang='lat' dir='ltr'><strong>ordinem</strong></span> <span class='ocrx_word' id='word_1_47' title='bbox 1038 1065 1169 1129; x_wconf 90' lang='lat' dir='ltr'><strong>ducunt</strong></span> <span class='ocrx_word' id='word_1_48' title='bbox 1179 1063 1204 1127; x_wconf 82' lang='lat' dir='ltr'>J</span> <span class='ocrx_word' id='word_1_49' title='bbox 1206 1063 1336 1127; x_wconf 89' lang='lat' dir='ltr'><strong>acubus</strong></span> 
     </span>
     <span class='ocr_line' id='line_1_8' title="bbox 244 1163 1335 1253; baseline 0 -23"><span class='ocrx_word' id='word_1_50' title='bbox 244 1166 460 1247; x_wconf 87' lang='lat' dir='ltr'><strong>Bongarsius,</strong></span> <span class='ocrx_word' id='word_1_51' title='bbox 486 1167 686 1231; x_wconf 86' lang='lat' dir='ltr'><strong>Franciscus</strong></span> <span class='ocrx_word' id='word_1_52' title='bbox 706 1163 857 1244; x_wconf 84' lang='lat' dir='ltr'><strong>Medius,</strong></span> <span class='ocrx_word' id='word_1_53' title='bbox 872 1171 907 1230; x_wconf 91' lang='lat' dir='ltr'><strong>et</strong></span> <span class='ocrx_word' id='word_1_54' title='bbox 922 1165 1086 1231; x_wconf 80' lang='lat' dir='ltr'><strong>Matthias</strong></span> <span class='ocrx_word' id='word_1_55' title='bbox 1097 1165 1335 1253; x_wconf 83' lang='lat' dir='ltr'><strong>Berneccerus,</strong></span> 
     </span>
     <span class='ocr_line' id='line_1_9' title="bbox 243 1251 1341 1354; baseline 0.001 -24"><span class='ocrx_word' id='word_1_56' title='bbox 243 1269 342 1352; x_wconf 80' lang='lat' dir='ltr'><strong>ouJus</strong></span> <span class='ocrx_word' id='word_1_57' title='bbox 369 1273 477 1346; x_wconf 86' lang='lat' dir='ltr'><strong>notas,</strong></span> <span class='ocrx_word' id='word_1_58' title='bbox 498 1269 620 1354; x_wconf 75' lang='lat' dir='ltr'><strong>quihus</strong></span> <span class='ocrx_word' id='word_1_59' title='bbox 643 1251 780 1334; x_wconf 70' lang='lat' dir='ltr'><strong>alterum</strong></span> <span class='ocrx_word' id='word_1_60' title='bbox 800 1287 901 1336; x_wconf 89' lang='lat' dir='ltr'><strong>suam</strong></span> <span class='ocrx_word' id='word_1_61' title='bbox 919 1268 1100 1332; x_wconf 75' lang='lat' dir='ltr'><strong>editionem</strong></span> <span class='ocrx_word' id='word_1_62' title='bbox 1124 1272 1273 1343; x_wconf 81' lang='lat' dir='ltr'><strong>auxerat,</strong></span> <span class='ocrx_word' id='word_1_63' title='bbox 1300 1267 1341 1342; x_wconf 83' lang='lat' dir='ltr'><strong>in</strong></span> 
     </span>
     <span class='ocr_line' id='line_1_10' title="bbox 243 1367 1337 1454; baseline 0.001 -22"><span class='ocrx_word' id='word_1_64' title='bbox 243 1369 328 1432; x_wconf 90' lang='lat' dir='ltr'><strong>hanc</strong></span> <span class='ocrx_word' id='word_1_65' title='bbox 342 1367 521 1435; x_wconf 82' lang='lat' dir='ltr'><strong>editionem</strong></span> <span class='ocrx_word' id='word_1_66' title='bbox 536 1369 675 1454; x_wconf 88' lang='lat' dir='ltr'><strong>conjeci.</strong></span> <span class='ocrx_word' id='word_1_67' title='bbox 719 1369 829 1433; x_wconf 89' lang='lat' dir='ltr'><strong>Hisce</strong></span> <span class='ocrx_word' id='word_1_68' title='bbox 849 1369 1015 1433; x_wconf 84' lang='lat' dir='ltr'><strong>accedunt</strong></span> <span class='ocrx_word' id='word_1_69' title='bbox 1039 1371 1133 1434; x_wconf 85' lang='lat' dir='ltr'><strong>Isaci</strong></span> <span class='ocrx_word' id='word_1_70' title='bbox 1152 1369 1282 1447; x_wconf 84' lang='lat' dir='ltr'><strong>Vossii,</strong></span> <span class='ocrx_word' id='word_1_71' title='bbox 1303 1374 1337 1434; x_wconf 90' lang='lat' dir='ltr'><strong>et</strong></span> 
     </span>
     <span class='ocr_line' id='line_1_11' title="bbox 243 1467 1337 1555; baseline 0.003 -23"><span class='ocrx_word' id='word_1_72' title='bbox 243 1467 312 1533; x_wconf 80' lang='lat' dir='ltr'><strong>Avi</strong></span> <span class='ocrx_word' id='word_1_73' title='bbox 326 1472 393 1534; x_wconf 92' lang='lat' dir='ltr'><strong>mei</strong></span> <span class='ocrx_word' id='word_1_74' title='bbox 405 1477 509 1550; x_wconf 75' lang='lat' dir='ltr'><strong>notae,</strong></span> <span class='ocrx_word' id='word_1_75' title='bbox 529 1491 614 1555; x_wconf 84' lang='lat' dir='ltr'><strong>quas</strong></span> <span class='ocrx_word' id='word_1_76' title='bbox 627 1471 726 1547; x_wconf 91' lang='lat' dir='ltr'><strong>libro,</strong></span> <span class='ocrx_word' id='word_1_77' title='bbox 747 1489 816 1553; x_wconf 90' lang='lat' dir='ltr'><strong>qno</strong></span> <span class='ocrx_word' id='word_1_78' title='bbox 833 1489 915 1534; x_wconf 91' lang='lat' dir='ltr'><strong>usus</strong></span> <span class='ocrx_word' id='word_1_79' title='bbox 928 1471 1002 1549; x_wconf 84' lang='lat' dir='ltr'><strong>fuit,</strong></span> <span class='ocrx_word' id='word_1_80' title='bbox 1016 1472 1181 1555; x_wconf 70' lang='lat' dir='ltr'><strong>monetas</strong></span> <span class='ocrx_word' id='word_1_81' title='bbox 1190 1471 1337 1553; x_wconf 79' lang='lat' dir='ltr'><strong>singulus</strong></span> 
     </span>
     <span class='ocr_line' id='line_1_12' title="bbox 244 1571 1337 1656; baseline 0.005 -24"><span class='ocrx_word' id='word_1_82' title='bbox 244 1573 423 1654; x_wconf 82' lang='lat' dir='ltr'><strong>excerpsi3</strong></span> <span class='ocrx_word' id='word_1_83' title='bbox 444 1574 510 1636; x_wconf 89' lang='lat' dir='ltr'><strong>etsi</strong></span> <span class='ocrx_word' id='word_1_84' title='bbox 520 1573 682 1656; x_wconf 85' lang='lat' dir='ltr'><strong>plurimas</strong></span> <span class='ocrx_word' id='word_1_85' title='bbox 692 1571 937 1637; x_wconf 78' lang='lat' dir='ltr'><strong>emendationes</strong></span> <span class='ocrx_word' id='word_1_86' title='bbox 950 1572 1231 1639; x_wconf 80' lang='lat' dir='ltr'><strong>Observationum</strong></span> <span class='ocrx_word' id='word_1_87' title='bbox 1244 1574 1337 1638; x_wconf 90' lang='lat' dir='ltr'><strong>libris</strong></span> 
     </span>
     <span class='ocr_line' id='line_1_13' title="bbox 242 1673 1337 1753; baseline 0.005 -20"><span class='ocrx_word' id='word_1_88' title='bbox 242 1691 307 1734; x_wconf 92' lang='lat' dir='ltr'><strong>non</strong></span> <span class='ocrx_word' id='word_1_89' title='bbox 321 1676 449 1736; x_wconf 87' lang='lat' dir='ltr'><strong>tantum</strong></span> <span class='ocrx_word' id='word_1_90' title='bbox 463 1673 653 1751; x_wconf 87' lang='lat' dir='ltr'><strong>inseruerat,</strong></span> <span class='ocrx_word' id='word_1_91' title='bbox 667 1673 728 1738; x_wconf 89' lang='lat' dir='ltr'><strong>sed</strong></span> <span class='ocrx_word' id='word_1_92' title='bbox 742 1678 775 1737; x_wconf 90' lang='lat' dir='ltr'><strong>et</strong></span> <span class='ocrx_word' id='word_1_93' title='bbox 787 1693 866 1737; x_wconf 90' lang='lat' dir='ltr'><strong>cnm</strong></span> <span class='ocrx_word' id='word_1_94' title='bbox 875 1673 1117 1739; x_wconf 79' lang='lat' dir='ltr'><strong>laudatissimis</strong></span> <span class='ocrx_word' id='word_1_95' title='bbox 1128 1675 1232 1753; x_wconf 89' lang='lat' dir='ltr'><strong>Viris,</strong></span> <span class='ocrx_word' id='word_1_96' title='bbox 1243 1675 1337 1740; x_wconf 73' lang='lat' dir='ltr'><strong>Grae-</strong></span> 
     </span>
     <span class='ocr_line' id='line_1_14' title="bbox 242 1765 1337 1860; baseline 0.007 -26"><span class='ocrx_word' id='word_1_97' title='bbox 242 1772 311 1849; x_wconf 80' lang='lat' dir='ltr'><strong>vio,</strong></span> <span class='ocrx_word' id='word_1_98' title='bbox 328 1773 450 1850; x_wconf 87' lang='lat' dir='ltr'><strong>Fabro,</strong></span> <span class='ocrx_word' id='word_1_99' title='bbox 473 1772 628 1852; x_wconf 86' lang='lat' dir='ltr'><strong>Vorstio,</strong></span> <span class='ocrx_word' id='word_1_100' title='bbox 650 1781 685 1839; x_wconf 89' lang='lat' dir='ltr'><strong>et</strong></span> <span class='ocrx_word' id='word_1_101' title='bbox 706 1773 874 1846; x_wconf 82' lang='lat' dir='ltr'><strong>Scheffero</strong></span> <span class='ocrx_word' id='word_1_102' title='bbox 898 1795 958 1859; x_wconf 84' lang='lat' dir='ltr'><strong>per</strong></span> <span class='ocrx_word' id='word_1_103' title='bbox 966 1765 1149 1860; x_wconf 84' lang='lat' dir='ltr'><strong>epistolas,</strong></span> <span class='ocrx_word' id='word_1_104' title='bbox 1164 1778 1273 1842; x_wconf 84' lang='lat' dir='ltr'><strong>aliave</strong></span> <span class='ocrx_word' id='word_1_105' title='bbox 1285 1796 1337 1842; x_wconf 85' lang='lat' dir='ltr'><strong>ra·</strong></span> 
     </span>
     <span class='ocr_line' id='line_1_15' title="bbox 243 1871 1337 1968; baseline 0.007 -34"><span class='ocrx_word' id='word_1_106' title='bbox 243 1871 342 1948; x_wconf 91' lang='lat' dir='ltr'><strong>tione,</strong></span> <span class='ocrx_word' id='word_1_107' title='bbox 370 1875 692 1955; x_wconf 84' lang='lat' dir='ltr'><strong>communicaverat;</strong></span> <span class='ocrx_word' id='word_1_108' title='bbox 718 1894 856 1958; x_wconf 91' lang='lat' dir='ltr'><strong>quorum</strong></span> <span class='ocrx_word' id='word_1_109' title='bbox 882 1880 1030 1942; x_wconf 92' lang='lat' dir='ltr'><strong>omnium</strong></span> <span class='ocrx_word' id='word_1_110' title='bbox 1056 1887 1148 1968; x_wconf 81' lang='lat' dir='ltr'><strong>notae</strong></span> <span class='ocrx_word' id='word_1_111' title='bbox 1173 1897 1242 1942; x_wconf 85' lang='lat' dir='ltr'><strong>una</strong></span> <span class='ocrx_word' id='word_1_112' title='bbox 1263 1897 1337 1942; x_wconf 89' lang='lat' dir='ltr'><strong>cum</strong></span> 
     </span>
     <span class='ocr_line' id='line_1_16' title="bbox 243 1974 1337 2064; baseline 0.009 -28"><span class='ocrx_word' id='word_1_113' title='bbox 243 1974 410 2055; x_wconf 82' lang='lat' dir='ltr'><strong>excerptis</strong></span> <span class='ocrx_word' id='word_1_114' title='bbox 422 1975 692 2040; x_wconf 83' lang='lat' dir='ltr'><strong>annotationibus</strong></span> <span class='ocrx_word' id='word_1_115' title='bbox 705 1974 740 2041; x_wconf 84' lang='lat' dir='ltr'><strong>J.</strong></span> <span class='ocrx_word' id='word_1_116' title='bbox 755 1975 859 2042; x_wconf 80' lang='lat' dir='ltr'><strong>Ioriti</strong></span> <span class='ocrx_word' id='word_1_117' title='bbox 882 1977 1052 2056; x_wconf 84' lang='lat' dir='ltr'><strong>Glareuni,</strong></span> <span class='ocrx_word' id='word_1_118' title='bbox 1076 1988 1179 2064; x_wconf 83' lang='lat' dir='ltr'><strong>atque</strong></span> <span class='ocrx_word' id='word_1_119' title='bbox 1191 1980 1337 2045; x_wconf 80' lang='lat' dir='ltr'><strong>Editeris</strong></span> 
     </span>
     <span class='ocr_line' id='line_1_17' title="bbox 243 2071 1337 2167; baseline 0.008 -31"><span class='ocrx_word' id='word_1_120' title='bbox 243 2071 461 2152; x_wconf 84' lang='lat' dir='ltr'><strong>0xoniensis,</strong></span> <span class='ocrx_word' id='word_1_121' title='bbox 478 2075 649 2142; x_wconf 77' lang='lat' dir='ltr'><strong>aGroevio</strong></span> <span class='ocrx_word' id='word_1_122' title='bbox 662 2083 695 2142; x_wconf 89' lang='lat' dir='ltr'><strong>et</strong></span> <span class='ocrx_word' id='word_1_123' title='bbox 709 2077 879 2144; x_wconf 80' lang='lat' dir='ltr'><strong>Schcffero</strong></span> <span class='ocrx_word' id='word_1_124' title='bbox 889 2081 1026 2146; x_wconf 83' lang='lat' dir='ltr'><strong>inauris</strong></span> <span class='ocrx_word' id='word_1_125' title='bbox 1036 2082 1195 2147; x_wconf 88' lang='lat' dir='ltr'><strong>secundis</strong></span> <span class='ocrx_word' id='word_1_126' title='bbox 1209 2082 1337 2167; x_wconf 73' lang='lat' dir='ltr'><strong>saepius</strong></span> 
     </span>
     <span class='ocr_line' id='line_1_18' title="bbox 242 2174 1337 2262; baseline 0.011 -24"><span class='ocrx_word' id='word_1_127' title='bbox 242 2174 380 2250; x_wconf 87' lang='lat' dir='ltr'><strong>laudati,</strong></span> <span class='ocrx_word' id='word_1_128' title='bbox 394 2178 565 2240; x_wconf 87' lang='lat' dir='ltr'><strong>contextui</strong></span> <span class='ocrx_word' id='word_1_129' title='bbox 580 2197 711 2261; x_wconf 90' lang='lat' dir='ltr'><strong>quoque</strong></span> <span class='ocrx_word' id='word_1_130' title='bbox 733 2180 923 2262; x_wconf 82' lang='lat' dir='ltr'><strong>subjunctae</strong></span> <span class='ocrx_word' id='word_1_131' title='bbox 943 2189 1032 2248; x_wconf 83' lang='lat' dir='ltr'><strong>sunt.</strong></span> <span class='ocrx_word' id='word_1_132' title='bbox 1074 2184 1164 2247; x_wconf 86' lang='lat' dir='ltr'><strong>Tum</strong></span> <span class='ocrx_word' id='word_1_133' title='bbox 1177 2187 1280 2249; x_wconf 89' lang='lat' dir='ltr'><strong>etiam</strong></span> <span class='ocrx_word' id='word_1_134' title='bbox 1293 2185 1337 2250; x_wconf 85' lang='lat' dir='ltr'><strong>ad</strong></span> 
     </span>
     <span class='ocr_line' id='line_1_19' title="bbox 243 2275 1338 2360; baseline 0.01 -23"><span class='ocrx_word' id='word_1_135' title='bbox 243 2275 372 2338; x_wconf 85' lang='lat' dir='ltr'><strong>calcem</strong></span> <span class='ocrx_word' id='word_1_136' title='bbox 385 2275 484 2360; x_wconf 91' lang='lat' dir='ltr'><strong>hujus</strong></span> <span class='ocrx_word' id='word_1_137' title='bbox 495 2277 651 2343; x_wconf 87' lang='lat' dir='ltr'><strong>editionis</strong></span> <span class='ocrx_word' id='word_1_138' title='bbox 666 2279 716 2342; x_wconf 85' lang='grc' dir='ltr'><strong>Μ.</strong></span> <span class='ocrx_word' id='word_1_139' title='bbox 728 2281 769 2345; x_wconf 88' lang='grc' dir='ltr'><strong>Ζ.</strong></span> <span class='ocrx_word' id='word_1_140' title='bbox 782 2282 968 2348; x_wconf 84' lang='lat' dir='ltr'><strong>Boxhornii</strong></span> <span class='ocrx_word' id='word_1_141' title='bbox 976 2286 1094 2350; x_wconf 84' lang='lat' dir='ltr'><strong>breves</strong></span> <span class='ocrx_word' id='word_1_142' title='bbox 1099 2295 1201 2351; x_wconf 85' lang='lat' dir='ltr'><strong>notas</strong></span> <span class='ocrx_word' id='word_1_143' title='bbox 1213 2287 1338 2351; x_wconf 86' lang='lat' dir='ltr'><strong>addidi.</strong></span> 
     </span>
     <span class='ocr_line' id='line_1_20' title="bbox 243 2375 1339 2472; baseline 0.015 -34"><span class='ocrx_word' id='word_1_144' title='bbox 243 2376 305 2440; x_wconf 92' lang='lat' dir='ltr'><strong>Isti</strong></span> <span class='ocrx_word' id='word_1_145' title='bbox 320 2375 419 2460; x_wconf 82' lang='lat' dir='ltr'><strong>igitur</strong></span> <span class='ocrx_word' id='word_1_146' title='bbox 443 2384 608 2444; x_wconf 84' lang='lat' dir='ltr'><strong>tantorum</strong></span> <span class='ocrx_word' id='word_1_147' title='bbox 625 2380 783 2446; x_wconf 84' lang='lat' dir='ltr'><strong>Virorum</strong></span> <span class='ocrx_word' id='word_1_148' title='bbox 804 2385 941 2451; x_wconf 86' lang='lat' dir='ltr'><strong>labores</strong></span> <span class='ocrx_word' id='word_1_149' title='bbox 955 2387 1166 2454; x_wconf 80' lang='lat' dir='ltr'><strong>suffecissent</strong></span> <span class='ocrx_word' id='word_1_150' title='bbox 1177 2389 1223 2454; x_wconf 91' lang='lat' dir='ltr'><strong>ad</strong></span> <span class='ocrx_word' id='word_1_151' title='bbox 1237 2388 1339 2472; x_wconf 81' lang='lat' dir='ltr'><strong>hujus</strong></span> 
     </span>
     <span class='ocr_line' id='line_1_21' title="bbox 242 2478 1340 2573; baseline 0.014 -32"><span class='ocrx_word' id='word_1_152' title='bbox 242 2478 396 2543; x_wconf 85' lang='lat' dir='ltr'><strong>editionis</strong></span> <span class='ocrx_word' id='word_1_153' title='bbox 409 2490 644 2560; x_wconf 68' lang='lat' dir='ltr'><strong>commeritum,</strong></span> <span class='ocrx_word' id='word_1_154' title='bbox 658 2484 726 2549; x_wconf 92' lang='lat' dir='ltr'><strong>nisi</strong></span> <span class='ocrx_word' id='word_1_155' title='bbox 741 2490 775 2549; x_wconf 90' lang='lat' dir='ltr'><strong>et</strong></span> <span class='ocrx_word' id='word_1_156' title='bbox 786 2486 964 2571; x_wconf 85' lang='lat' dir='ltr'><strong>meipsum</strong></span> <span class='ocrx_word' id='word_1_157' title='bbox 974 2490 1018 2553; x_wconf 86' lang='lat' dir='ltr'><strong>ad</strong></span> <span class='ocrx_word' id='word_1_158' title='bbox 1028 2490 1215 2573; x_wconf 87' lang='lat' dir='ltr'><strong>symbolam</strong></span> <span class='ocrx_word' id='word_1_159' title='bbox 1228 2490 1340 2555; x_wconf 82' lang='lat' dir='ltr'><strong>conie-</strong></span> 
     </span>
     <span class='ocr_line' id='line_1_22' title="bbox 241 2580 1339 2675; baseline 0.013 -30"><span class='ocrx_word' id='word_1_160' title='bbox 241 2580 388 2658; x_wconf 82' lang='lat' dir='ltr'><strong>rundam,</strong></span> <span class='ocrx_word' id='word_1_161' title='bbox 403 2587 437 2645; x_wconf 88' lang='lat' dir='ltr'><strong>ct</strong></span> <span class='ocrx_word' id='word_1_162' title='bbox 457 2591 580 2667; x_wconf 87' lang='lat' dir='ltr'><strong>quanto</strong></span> <span class='ocrx_word' id='word_1_163' title='bbox 603 2604 708 2669; x_wconf 83' lang='lat' dir='ltr'><strong>opere</strong></span> <span class='ocrx_word' id='word_1_164' title='bbox 724 2606 779 2652; x_wconf 88' lang='lat' dir='ltr'><strong>me</strong></span> <span class='ocrx_word' id='word_1_165' title='bbox 790 2589 950 2655; x_wconf 73' lang='lat' dir='ltr'><strong>hactenm</strong></span> <span class='ocrx_word' id='word_1_166' title='bbox 963 2597 1170 2675; x_wconf 71' lang='lat' dir='ltr'><strong>occupasset</strong></span> <span class='ocrx_word' id='word_1_167' title='bbox 1181 2591 1339 2658; x_wconf 74' lang='lat' dir='ltr'><strong>lustinus</strong></span> 
     </span>
     <span class='ocr_line' id='line_1_23' title="bbox 242 2682 1338 2773; baseline 0.013 -28"><span class='ocrx_word' id='word_1_168' title='bbox 242 2682 377 2764; x_wconf 83' lang='lat' dir='ltr'><strong>publice</strong></span> <span class='ocrx_word' id='word_1_169' title='bbox 400 2684 597 2763; x_wconf 68' lang='lat' dir='ltr'><strong>temdum,</strong></span> <span class='ocrx_word' id='word_1_170' title='bbox 620 2688 756 2753; x_wconf 85' lang='lat' dir='ltr'><strong>innatus</strong></span> <span class='ocrx_word' id='word_1_171' title='bbox 768 2706 851 2773; x_wconf 82' lang='lat' dir='ltr'><strong>erga</strong></span> <span class='ocrx_word' id='word_1_172' title='bbox 869 2693 986 2757; x_wconf 87' lang='lat' dir='ltr'><strong>literae</strong></span> <span class='ocrx_word' id='word_1_173' title='bbox 1006 2709 1102 2759; x_wconf 86' lang='lat' dir='ltr'><strong>amor</strong></span> <span class='ocrx_word' id='word_1_174' title='bbox 1114 2694 1338 2761; x_wconf 83' lang='lat' dir='ltr'><strong>incitavisset.</strong></span> 
     </span>
     <span class='ocr_line' id='line_1_24' title="bbox 244 2781 1338 2875; baseline 0.016 -29"><span class='ocrx_word' id='word_1_175' title='bbox 244 2781 357 2859; x_wconf 80' lang='lat' dir='ltr'><strong>Quare</strong></span> <span class='ocrx_word' id='word_1_176' title='bbox 367 2784 728 2870; x_wconf 79' lang='lat' dir='ltr'><strong>nihilantiquiusduxi‚</strong></span> <span class='ocrx_word' id='word_1_177' title='bbox 740 2808 840 2875; x_wconf 85' lang='lat' dir='ltr'><strong>quam</strong></span> <span class='ocrx_word' id='word_1_178' title='bbox 851 2794 1094 2859; x_wconf 84' lang='lat' dir='ltr'><strong>utmentemad</strong></span> <span class='ocrx_word' id='word_1_179' title='bbox 1107 2792 1193 2862; x_wconf 63' lang='lat' dir='ltr'><strong>lies„</strong></span> <span class='ocrx_word' id='word_1_180' title='bbox 1203 2798 1338 2862; x_wconf 81' lang='lat' dir='ltr'><strong>codices</strong></span> 
     </span>
     <span class='ocr_line' id='line_1_25' title="bbox 243 2882 1338 2980; baseline 0.018 -35"><span class='ocrx_word' id='word_1_181' title='bbox 243 2882 460 2949; x_wconf 84' lang='lat' dir='ltr'><strong>conterendos</strong></span> <span class='ocrx_word' id='word_1_182' title='bbox 468 2886 655 2972; x_wconf 83' lang='lat' dir='ltr'><strong>adjicerem,</strong></span> <span class='ocrx_word' id='word_1_183' title='bbox 673 2896 1012 2978; x_wconf 81' lang='lat' dir='ltr'><strong>quorumoopiumex</strong></span> <span class='ocrx_word' id='word_1_184' title='bbox 1021 2892 1239 2963; x_wconf 83' lang='lat' dir='ltr'><strong>Bibliotheca</strong></span> <span class='ocrx_word' id='word_1_185' title='bbox 1252 2898 1338 2980; x_wconf 73' lang='lat' dir='ltr'><strong>Iang-</strong></span> 
     </span>
     <span class='ocr_line' id='line_1_26' title="bbox 243 2982 1338 3076; baseline 0.018 -31"><span class='ocrx_word' id='word_1_186' title='bbox 243 2982 481 3053; x_wconf 72' lang='lat' dir='ltr'><strong>duntutuva</strong></span> <span class='ocrx_word' id='word_1_187' title='bbox 487 2986 569 3052; x_wconf 87' lang='lat' dir='ltr'><strong>mihi</strong></span> <span class='ocrx_word' id='word_1_188' title='bbox 578 2992 722 3073; x_wconf 80' lang='lat' dir='ltr'><strong>praebuit</strong></span> <span class='ocrx_word' id='word_1_189' title='bbox 729 2992 922 3060; x_wconf 80' lang='lat' dir='ltr'><strong>humanitas</strong></span> <span class='ocrx_word' id='word_1_190' title='bbox 930 2997 1141 3063; x_wconf 86' lang='lat' dir='ltr'><strong>celeberrimi</strong></span> <span class='ocrx_word' id='word_1_191' title='bbox 1149 2998 1233 3076; x_wconf 86' lang='lat' dir='ltr'><strong>Viri,</strong></span> <span class='ocrx_word' id='word_1_192' title='bbox 1243 2999 1338 3064; x_wconf 85' lang='lat' dir='ltr'><strong>Wol-</strong></span> 
     </span>
     <span class='ocr_line' id='line_1_27' title="bbox 242 3082 1338 3183; baseline 0.018 -36"><span class='ocrx_word' id='word_1_193' title='bbox 242 3082 325 3149; x_wconf 84' lang='lat' dir='ltr'><strong>lurdi</strong></span> <span class='ocrx_word' id='word_1_194' title='bbox 341 3086 702 3175; x_wconf 71' lang='lat' dir='ltr'><strong>Sanguerdii,ejnsdem</strong></span> <span class='ocrx_word' id='word_1_195' title='bbox 711 3094 936 3163; x_wconf 81' lang='lat' dir='ltr'><strong>Bibliothecae</strong></span> <span class='ocrx_word' id='word_1_196' title='bbox 947 3095 1116 3163; x_wconf 72' lang='lat' dir='ltr'><strong>Praefecti.</strong></span> <span class='ocrx_word' id='word_1_197' title='bbox 1150 3098 1338 3183; x_wconf 73' lang='lat' dir='ltr'><strong>Primoigi·</strong></span> 
     </span>
     <span class='ocr_line' id='line_1_28' title="bbox 243 3186 1338 3283; baseline 0.021 -37"><span class='ocrx_word' id='word_1_198' title='bbox 243 3186 296 3247; x_wconf 81' lang='lat' dir='ltr'><strong>tut</strong></span> <span class='ocrx_word' id='word_1_199' title='bbox 305 3193 448 3268; x_wconf 77' lang='lat' dir='ltr'><strong>quatuor</strong></span> <span class='ocrx_word' id='word_1_200' title='bbox 457 3189 543 3254; x_wconf 82' lang='lat' dir='ltr'><strong>Mes.</strong></span> <span class='ocrx_word' id='word_1_201' title='bbox 553 3210 595 3255; x_wconf 86' lang='lat' dir='ltr'><strong>ex</strong></span> <span class='ocrx_word' id='word_1_202' title='bbox 604 3192 723 3257; x_wconf 87' lang='lat' dir='ltr'><strong>eudem</strong></span> <span class='ocrx_word' id='word_1_203' title='bbox 734 3194 951 3261; x_wconf 86' lang='lat' dir='ltr'><strong>Bibliotheca</strong></span> <span class='ocrx_word' id='word_1_204' title='bbox 960 3200 1087 3277; x_wconf 83' lang='lat' dir='ltr'><strong>evolvi,</strong></span> <span class='ocrx_word' id='word_1_205' title='bbox 1100 3219 1241 3283; x_wconf 85' lang='lat' dir='ltr'><strong>quorum</strong></span> <span class='ocrx_word' id='word_1_206' title='bbox 1249 3202 1338 3269; x_wconf 83' lang='lat' dir='ltr'><strong>duos</strong></span> 
     </span>
     <span class='ocr_line' id='line_1_29' title="bbox 242 3284 1338 3388; baseline 0.018 -37"><span class='ocrx_word' id='word_1_207' title='bbox 242 3284 467 3355; x_wconf 72' lang='lat' dir='ltr'><strong>Arcuoendoe</strong></span> <span class='ocrx_word' id='word_1_208' title='bbox 481 3292 562 3355; x_wconf 89' lang='lat' dir='ltr'><strong>olim</strong></span> <span class='ocrx_word' id='word_1_209' title='bbox 567 3292 713 3359; x_wconf 84' lang='lat' dir='ltr'><strong>dederat</strong></span> <span class='ocrx_word' id='word_1_210' title='bbox 726 3297 771 3360; x_wconf 90' lang='lat' dir='ltr'><strong>cl.</strong></span> <span class='ocrx_word' id='word_1_211' title='bbox 782 3296 943 3363; x_wconf 82' lang='lat' dir='ltr'><strong>Vossius.</strong></span> <span class='ocrx_word' id='word_1_212' title='bbox 960 3300 1012 3364; x_wconf 92' lang='lat' dir='ltr'><strong>Hi</strong></span> <span class='ocrx_word' id='word_1_213' title='bbox 1026 3318 1155 3380; x_wconf 86' lang='lat' dir='ltr'><strong>omnes,</strong></span> <span class='ocrx_word' id='word_1_214' title='bbox 1165 3305 1338 3388; x_wconf 78' lang='lat' dir='ltr'><strong>utqneeti·</strong></span> 
     </span>
     <span class='ocr_line' id='line_1_30' title="bbox 243 3388 1336 3478; baseline 0.021 -29"><span class='ocrx_word' id='word_1_215' title='bbox 243 3406 299 3450; x_wconf 88' lang='lat' dir='ltr'><strong>am</strong></span> <span class='ocrx_word' id='word_1_216' title='bbox 327 3388 471 3471; x_wconf 82' lang='lat' dir='ltr'><strong>quintus,</strong></span> <span class='ocrx_word' id='word_1_217' title='bbox 495 3410 593 3474; x_wconf 90' lang='lat' dir='ltr'><strong>quem</strong></span> <span class='ocrx_word' id='word_1_218' title='bbox 622 3393 750 3459; x_wconf 87' lang='lat' dir='ltr'><strong>Parens</strong></span> <span class='ocrx_word' id='word_1_219' title='bbox 768 3398 948 3478; x_wconf 88' lang='lat' dir='ltr'><strong>consuluit,</strong></span> <span class='ocrx_word' id='word_1_220' title='bbox 969 3404 1213 3471; x_wconf 85' lang='lat' dir='ltr'><strong>membranacei</strong></span> <span class='ocrx_word' id='word_1_221' title='bbox 1234 3413 1336 3471; x_wconf 73' lang='lat' dir='ltr'><strong>aaut.</strong></span> 
     </span>
     <span class='ocr_line' id='line_1_31' title="bbox 243 3486 1337 3585; baseline 0.021 -34"><span class='ocrx_word' id='word_1_222' title='bbox 243 3486 372 3553; x_wconf 82' lang='lat' dir='ltr'><strong>Praeter</strong></span> <span class='ocrx_word' id='word_1_223' title='bbox 384 3490 447 3555; x_wconf 88' lang='lat' dir='ltr'><strong>hos</strong></span> <span class='ocrx_word' id='word_1_224' title='bbox 462 3494 562 3559; x_wconf 88' lang='lat' dir='ltr'><strong>etiam</strong></span> <span class='ocrx_word' id='word_1_225' title='bbox 576 3496 752 3561; x_wconf 84' lang='lat' dir='ltr'><strong>chartaceo</strong></span> <span class='ocrx_word' id='word_1_226' title='bbox 768 3499 897 3579; x_wconf 88' lang='lat' dir='ltr'><strong>codice,</strong></span> <span class='ocrx_word' id='word_1_227' title='bbox 912 3522 1011 3585; x_wconf 87' lang='lat' dir='ltr'><strong>quem</strong></span> <span class='ocrx_word' id='word_1_228' title='bbox 1021 3505 1064 3570; x_wconf 84' lang='lat' dir='ltr'><strong>el.</strong></span> <span class='ocrx_word' id='word_1_229' title='bbox 1079 3491 1277 3573; x_wconf 74' lang='lat' dir='ltr'><strong>Perizonius</strong></span> <span class='ocrx_word' id='word_1_230' title='bbox 1289 3510 1337 3573; x_wconf 90' lang='lat' dir='ltr'><strong>ei·</strong></span> 
     </span>
     <span class='ocr_line' id='line_1_32' title="bbox 242 3586 1339 3691; baseline 0.022 -40"><span class='ocrx_word' id='word_1_231' title='bbox 242 3586 319 3653; x_wconf 89' lang='lat' dir='ltr'><strong>dem</strong></span> <span class='ocrx_word' id='word_1_232' title='bbox 334 3590 554 3659; x_wconf 80' lang='lat' dir='ltr'><strong>Bibliothecae</strong></span> <span class='ocrx_word' id='word_1_233' title='bbox 568 3596 743 3679; x_wconf 81' lang='lat' dir='ltr'><strong>legaverat,</strong></span> <span class='ocrx_word' id='word_1_234' title='bbox 753 3618 836 3665; x_wconf 81' lang='lat' dir='ltr'><strong>usus</strong></span> <span class='ocrx_word' id='word_1_235' title='bbox 845 3620 932 3669; x_wconf 82' lang='lat' dir='ltr'><strong>eum.</strong></span> <span class='ocrx_word' id='word_1_236' title='bbox 946 3605 1181 3691; x_wconf 76' lang='lat' dir='ltr'><strong>Tumqnoque</strong></span> <span class='ocrx_word' id='word_1_237' title='bbox 1193 3609 1339 3674; x_wconf 76' lang='lat' dir='ltr'><strong>londini</strong></span> 
     </span>
     <span class='ocr_line' id='line_1_33' title="bbox 243 3689 1337 3786; baseline 0.02 -33"><span class='ocrx_word' id='word_1_238' title='bbox 243 3689 408 3771; x_wconf 82' lang='lat' dir='ltr'><strong>codicem,</strong></span> <span class='ocrx_word' id='word_1_239' title='bbox 430 3696 489 3777; x_wconf 88' lang='lat' dir='ltr'><strong>qui</strong></span> <span class='ocrx_word' id='word_1_240' title='bbox 510 3696 729 3766; x_wconf 84' lang='lat' dir='ltr'><strong>Bibliothecae</strong></span> <span class='ocrx_word' id='word_1_241' title='bbox 753 3702 874 3786; x_wconf 75' lang='lat' dir='ltr'><strong>Regiae</strong></span> <span class='ocrx_word' id='word_1_242' title='bbox 886 3712 966 3784; x_wconf 71' lang='lat' dir='ltr'><strong>arat,</strong></span> <span class='ocrx_word' id='word_1_243' title='bbox 988 3714 1021 3772; x_wconf 90' lang='lat' dir='ltr'><strong>et</strong></span> <span class='ocrx_word' id='word_1_244' title='bbox 1036 3708 1337 3777; x_wconf 80' lang='lat' dir='ltr'><strong>Oxoniae&#39;alterum</strong></span> 
     </span>
     <span class='ocr_line' id='line_1_34' title="bbox 243 3792 1337 3896; baseline 0.023 -43"><span class='ocrx_word' id='word_1_245' title='bbox 243 3806 288 3852; x_wconf 84' lang='lat' dir='ltr'><strong>ex</strong></span> <span class='ocrx_word' id='word_1_246' title='bbox 303 3792 514 3861; x_wconf 87' lang='lat' dir='ltr'><strong>Bibliotheca</strong></span> <span class='ocrx_word' id='word_1_247' title='bbox 532 3794 671 3881; x_wconf 80' lang='lat' dir='ltr'><strong>Collegii</strong></span> <span class='ocrx_word' id='word_1_248' title='bbox 696 3800 801 3879; x_wconf 85' lang='lat' dir='ltr'><strong>Novi,</strong></span> <span class='ocrx_word' id='word_1_249' title='bbox 826 3804 1048 3892; x_wconf 75' lang='lat' dir='ltr'><strong>cmttnbrigiue</strong></span> <span class='ocrx_word' id='word_1_250' title='bbox 1066 3828 1150 3875; x_wconf 79' lang='lat' dir='ltr'><strong>vero</strong></span> <span class='ocrx_word' id='word_1_251' title='bbox 1168 3810 1337 3896; x_wconf 79' lang='lat' dir='ltr'><strong>Excerpta</strong></span> 
     </span>
     <span class='ocr_line' id='line_1_35' title="bbox 243 3892 1337 3996; baseline 0.021 -42"><span class='ocrx_word' id='word_1_252' title='bbox 243 3892 544 3974; x_wconf 62' lang='lat' dir='ltr'><strong>quadratario,</strong></span> <span class='ocrx_word' id='word_1_253' title='bbox 559 3900 703 3964; x_wconf 76' lang='lat' dir='ltr'><strong>excussi.</strong></span> <span class='ocrx_word' id='word_1_254' title='bbox 746 3902 867 3969; x_wconf 84' lang='lat' dir='ltr'><strong>Trium</strong></span> <span class='ocrx_word' id='word_1_255' title='bbox 877 3910 1015 3993; x_wconf 85' lang='lat' dir='ltr'><strong>insuper</strong></span> <span class='ocrx_word' id='word_1_256' title='bbox 1024 3912 1228 3996; x_wconf 84' lang='lat' dir='ltr'><strong>scriptorum</strong></span> <span class='ocrx_word' id='word_1_257' title='bbox 1236 3913 1337 3978; x_wconf 83' lang='lat' dir='ltr'><strong>libro·</strong></span> 
     </span>
     <span class='ocr_line' id='line_1_36' title="bbox 242 3992 1338 4083; baseline 0.026 -29"><span class='ocrx_word' id='word_1_258' title='bbox 242 4006 314 4055; x_wconf 92' lang='lat' dir='ltr'><strong>rum</strong></span> <span class='ocrx_word' id='word_1_259' title='bbox 328 4052 331 4059; x_wconf 80' lang='grc'>,</span> <span class='ocrx_word' id='word_1_260' title='bbox 346 3992 558 4065; x_wconf 76' lang='lat' dir='ltr'><strong>mihtionem</strong></span> <span class='ocrx_word' id='word_1_261' title='bbox 582 4020 643 4083; x_wconf 83' lang='lat' dir='ltr'><strong>pro</strong></span> <span class='ocrx_word' id='word_1_262' title='bbox 665 4022 796 4069; x_wconf 86' lang='lat' dir='ltr'><strong>summo</strong></span> <span class='ocrx_word' id='word_1_263' title='bbox 822 4008 857 4071; x_wconf 92' lang='lat' dir='ltr'><strong>in</strong></span> <span class='ocrx_word' id='word_1_264' title='bbox 878 4030 932 4074; x_wconf 87' lang='lat' dir='ltr'><strong>me</strong></span> <span class='ocrx_word' id='word_1_265' title='bbox 958 4013 1073 4078; x_wconf 85' lang='lat' dir='ltr'><strong>studio</strong></span> <span class='ocrx_word' id='word_1_266' title='bbox 1096 4014 1254 4079; x_wconf 76' lang='lat' dir='ltr'><strong>exhibuit</strong></span> <span class='ocrx_word' id='word_1_267' title='bbox 1273 4013 1338 4079; x_wconf 83' lang='lat' dir='ltr'><strong>Vir</strong></span> 
     </span>
     <span class='ocr_line' id='line_1_37' title="bbox 242 4091 1335 4195; baseline 0.029 -41"><span class='ocrx_word' id='word_1_268' title='bbox 242 4091 472 4181; x_wconf 88' lang='lat' dir='ltr'><strong>undecumque</strong></span> <span class='ocrx_word' id='word_1_269' title='bbox 480 4100 702 4181; x_wconf 82' lang='lat' dir='ltr'><strong>doctissimus,</strong></span> <span class='ocrx_word' id='word_1_270' title='bbox 716 4104 914 4174; x_wconf 82' lang='lat' dir='ltr'><strong>Laurentius</strong></span> <span class='ocrx_word' id='word_1_271' title='bbox 921 4112 1121 4180; x_wconf 83' lang='lat' dir='ltr'><strong>Theodorus</strong></span> <span class='ocrx_word' id='word_1_272' title='bbox 1133 4116 1335 4195; x_wconf 76' lang='lat' dir='ltr'><strong>Gronovius,</strong></span> 
     </span>
     <span class='ocr_line' id='line_1_38' title="bbox 244 4188 1335 4299; baseline 0.028 -47"><span class='ocrx_word' id='word_1_273' title='bbox 244 4188 401 4273; x_wconf 84' lang='lat' dir='ltr'><strong>Patruus,</strong></span> <span class='ocrx_word' id='word_1_274' title='bbox 428 4202 482 4265; x_wconf 88' lang='lat' dir='ltr'><strong>cui</strong></span> <span class='ocrx_word' id='word_1_275' title='bbox 509 4205 621 4269; x_wconf 86' lang='lat' dir='ltr'><strong>omnia</strong></span> <span class='ocrx_word' id='word_1_276' title='bbox 645 4207 784 4287; x_wconf 87' lang='lat' dir='ltr'><strong>pietatis</strong></span> <span class='ocrx_word' id='word_1_277' title='bbox 808 4208 921 4276; x_wconf 78' lang='lat' dir='ltr'><strong>officia</strong></span> <span class='ocrx_word' id='word_1_278' title='bbox 942 4220 1021 4295; x_wconf 84' lang='lat' dir='ltr'><strong>post</strong></span> <span class='ocrx_word' id='word_1_279' title='bbox 1040 4222 1191 4299; x_wconf 64' lang='lat' dir='ltr'><strong>parentia</strong></span> <span class='ocrx_word' id='word_1_280' title='bbox 1210 4218 1335 4283; x_wconf 88' lang='lat' dir='ltr'><strong>debeo:</strong></span> 
     </span>
    </p>
   </div>
   <div class='ocr_carea' id='block_1_3' title="bbox 0 0 1546 4900">
    <p class='ocr_par' dir='ltr' id='par_1_3' title="bbox 0 0 1546 4900">
     <span class='ocr_line' id='line_1_39' title="bbox 0 0 1546 4900; baseline 0 0"><span class='ocrx_word' id='word_1_281' title='bbox 0 0 1546 4900; x_wconf 95' lang='lat' dir='ltr'><strong> </strong></span> 
     </span>
    </p>
   </div>
  </div>
 </body>
</html>
