3084 4900
224 359 291 426 284
696 373 846 424 suerrus

225 521 372 585 tionibus
385 515 608 583 latescerent?
651 518 683 583 8.
699 516 755 582 Ad
770 526 989 601 postremum,
1015 535 1090 581 cum
1114 517 1223 581 verbis
1236 517 1317 582 nihil

225 620 411 706 preficeret,
421 619 463 683 ad
475 619 702 702 corripiendos
716 621 888 684 seditionis
902 626 1086 683 auctorese
1100 618 1255 682 tribunali
1271 621 1318 682 iu⁴

225 724 420 787 concionem
434 728 594 786 armatam
607 723 764 787 inermis⁵
787 721 862 804 ipse
877 718 1022 796 desiluit,
1038 722 1082 794 et,
1097 719 1227 781 nemine
1241 738 1318 801 pro-

225 824 370 899 bibente,
401 822 546 887 redecim
568 828 741 903 correptos
762 841 862 884 mauu
876 839 936 884 sna
954 819 1030 904 ipse
1052 819 1097 882 ed
1122 817 1310 903 supplicia⁶

224 923 332 987 duxit.
383 922 415 988 9.
436 923 579 988 Tantam
607 921 663 986 vel
691 921 760 985 illis
792 919 952 985 moriendi
981 919 1175 1003 patientiam
1208 925 1316 984 metus

223 1027 321 1108 regis,
344 1025 398 1090 vel
423 1007 501 1090 huic
526 1025 683 1107 exigendi
709 1024 867 1108 supplicii
895 1024 1116 1088 constantiam
1138 1021 1315 1106 disciplina

223 1128 388 1206 militaris,
404 1127 527 1192 dabat.¹

267 1226 358 1293 cns.
374 1245 445 1293 xri.
490 1229 520 1294 l.
543 1228 625 1291 Inde
639 1228 817 1310 separatim
846 1227 975 1292 auxilia
997 1225 1174 1290 Persarum
1188 1225 1220 1288 in
1235 1240 1315 1288 cona

224 1329 321 1393 cione
335 1329 529 1412 alloquitur.
572 1329 604 1393 2.
627 1328 763 1392 Laudat
790 1337 987 1413 perpetuam
1009 1327 1155 1403 illorum,
1181 1331 1250 1388 tum
1279 1324 1314 1388 in

224 1439 274 1506 se,
296 1434 368 1493 tum
395 1431 431 1492 in
458 1430 618 1512 pristinos
632 1447 739 1510 reges,
766 1428 884 1509 fidem3
907 1447 968 1492 sua
990 1429 1024 1490 iu
1051 1427 1127 1492 illos
1155 1425 1315 1491 beneficia

224 1536 481 1594 commemorat:
503 1534 560 1594 ‘ut
572 1547 740 1611 uunquam
756 1529 854 1611 quasi
868 1529 989 1606 victos,
1014 1526 1072 1593 sed
1088 1527 1192 1593 veluti
1207 1527 1314 1591 ricto·

223 1631 282 1697 rie
297 1631 421 1709 socios,
442 1631 616 1696 babuerit:
637 1631 784 1713 denique
800 1651 837 1695 se
857 1631 893 1694 in
921 1630 1066 1709 illorum,
1090 1649 1157 1694 non
1182 1629 1258 1693 illos
1277 1629 1313 1692 in

223 1733 329 1816 mutis
357 1751 441 1811 suae,
470 1752 596 1798 morem
620 1733 799 1812 transisse3
829 1731 1046 1797 affinitatibus
1075 1731 1313 1796 connubiorum

222 1834 332 1898 victos
347 1836 526 1900 victoribus
547 1835 737 1898 miscuisse.
780 1834 812 1898 3.
836 1832 938 1898 Nunc
955 1831 1114 1916 quoque,’
1136 1831 1194 1908 ait,
1218 1834 1314 1894 ‘cus-

223 1934 348 1998 todiam
363 1938 509 2019 corporis
523 1938 578 2000 sui
591 1955 658 2000 non
677 1934 923 2000 Macedonibus
938 1938 1063 1999 tantum
1078 1953 1125 2010 se,
1151 1951 1266 1995 verum
1280 1937 1314 1996 et

221 2034 300 2113 illis,
327 2037 551 2103 crediturum!
592 2039 627 2102 4.
647 2035 760 2120 Atque
774 2036 825 2101 ita
849 2036 941 2100 mille
963 2055 1008 2100 ex
1035 2036 1086 2099 his
1109 2034 1253 2117 juvenes
1278 2032 1313 2095 in

221 2155 388 2202 uomemm
406 2140 586 2203 satellitum
607 2139 704 2223 legit:
726 2139 929 2204 auxiliorum
957 2155 1091 2220 quoque
1118 2135 1312 2219 portionem,

221 2239 398 2306 formatam
407 2242 666 2328 indisciplinam
679 2243 914 2318 Macedonum,
927 2240 1088 2305 exercitui
1104 2258 1167 2302 suo
1175 2239 1314 2305 miscet!

220 2344 252 2406 5.
275 2339 388 2419 Quam
403 2363 470 2408 rem
496 2364 581 2426 aegre
607 2342 812 2409 Macedones
837 2344 991 2422 tulerunt,
1015 2341 1181 2424 jactantes
1201 2340 1314 2404 hostes

222 2462 306 2511 suos
320 2446 353 2509 in
368 2445 513 2510 officium
528 2467 624 2511 suum
639 2466 661 2511 a
675 2466 752 2529 rege
777 2445 958 2530 subjectos.
1002 2443 1035 2509 6.
1057 2443 1151 2507 Tunc
1166 2441 1311 2507 universi

220 2544 340 2608 flentes
354 2566 463 2627 regem
476 2548 618 2612 adeunt:
640 2552 745 2625 orant,
760 2552 771 2581 ‘
786 2546 962 2631 suppliciis
976 2547 1046 2611 suis
1061 2544 1176 2629 potius
1190 2548 1312 2609 saturet

220 2664 271 2723 se,
281 2664 382 2728 quam
396 2649 648 2716 contumeliis.’⁸
690 2653 722 2716 7.
745 2648 823 2727 Qua
835 2649 1021 2714 modestia*
1036 2649 1261 2723 obtinuerunt,
1276 2648 1312 2708 ut

219 2746 376 2812 undecim
389 2748 495 2813 millia
509 2751 652 2817 militum
662 2757 901 2817 veteranorum¹
918 2752 1160 2842 esauotoraret.
1196 2747 1229 2811 8.
1245 2746 1312 2810 Sed

219 2866 264 2912 cx
279 2850 398 2913 amicis
412 2850 542 2915 dimissi
558 2872 667 2930 senes,
680 2853 928 2938 Polyperchon,
940 2851 1062 2929 Clitos,
1073 2850 1228 2932 Gorgias,
1244 2848 1311 2912 Po

218 2947 380 3032 limas,
406 2949 586 3031 Amadas,²
613 2953 813 3037 Antigenes.
856 2955 889 3017 9.
912 2954 1071 3017 Dimissis
1085 2953 1138 3017 his
1159 2950 1311 3015 Crateros

218 3053 435 3153 preponitur,
460 3055 578 3138 jussus
598 3076 747 3141 praeesse
767 3056 1014 3121 Macedonibus
1028 3054 1063 3118 iu
1076 3052 1246 3144 Antipatri
1261 3051 1310 3114 lo·

235 3218 264 3285 ‚¹
284 3210 326 3259 Vel
335 3216 416 3285 turtur
425 3219 477 3262 emt
488 3219 562 3263 metus
569 3217 642 3277 regis,
652 3221 680 3265 st
689 3217 728 3265 tta·
736 3217 856 3279 patienter
863 3218 1017 3273 sumerentur,
1026 3213 1064 3262 sel
1073 3218 1122 3262 tam
1132 3226 1212 3263 serm
1222 3211 1311 3261 initim-

218 3275 654 3355 mduflpbsmtipseuussrsaen't
664 3277 1064 3355 merempplieismurebellidsr.
1153 3342 1158 3353 Ι
1227 3340 1233 3351 Ι

216 3337 572 3464 ὥᾷῑέηψῆεὲἀξζαω
581 3348 673 3405 Μαι
685 3345 813 3394 Perseum
822 3344 964 3406 durumne
974 3343 1109 3407 populorum
1119 3356 1159 3404 qur
1170 3342 1310 3391 deriserunt

250 3472 262 3497 ²
278 3465 444 3515 Premntsrst
454 3468 503 3517 tuo
510 3470 590 3533 potius
600 3476 698 3521 mrtem
708 3471 798 3531 telem
807 3486 875 3543 mm
883 3468 1044 3521 contumelias.

675 3596 850 3623 manuue

218 3674 362 3727 Medii-4
378 3675 418 3724 Aa
428 3673 512 3724 edidit
528 3674 669 3725 Faber—6
693 3676 725 3726 ln
743 3676 795 3725 Ms.
811 3677 920 3740 Franeq.
931 3676 956 3724 in
966 3674 1100 3739 umirlegi
1112 3674 1308 3727 mounitBurrn.

218 3738 427 3789 mentastro.
445 3741 689 3790 ltin-weris.
704 3743 736 3790 ad
755 3741 900 3803 suppliciunt
922 3740 1005 3802 Mugl.
1026 3740 1098 3789 leid.
1121 3744 1143 3789 l.
1164 3743 1189 3789 t.
1211 3740 1308 3791 Thusu.
1373 3768 1376 3775 ·

218 3804 293 3879 Bodl.
305 3802 370 3888 poll.
386 3804 417 3853 c.
428 3802 459 3853 C.
469 3804 496 3851 in
505 3805 653 3867 appliciuss,
664 3805 790 3869 prebente
808 3803 894 3854 senes.
908 3804 1061 3853 Vincentius
1077 3805 1085 3830 ‘
1098 3804 1176 3852 Msuu
1193 3818 1239 3853 sus
1250 3817 1309 3868 per·

217 3874 453 3982 on{allinidemtur
468 3932 494 3981 ln
516 3930 567 3981 Ms-
583 3931 648 3981 coll.
662 3932 747 3983 Nea
762 3933 837 3981 Voss.
854 3928 970 3981 malebat
988 3932 1116 3993 Amyntor,
1132 3929 1209 3995 idque
1225 3931 1308 3996 ipsum

706 4058 817 4111 NOTAE

250 4176 261 4200 ¹
278 4168 332 4225 Qus
342 4171 467 4233 modestis]
483 4171 525 4223 Ad
536 4174 645 4237 gratiam
662 4174 743 4224 stsbl·
783 4172 825 4225 cui
837 4178 862 4223 9.
875 4172 1038 4224 convivarum
1051 4172 1088 4222 M.
1099 4168 1235 4221 siluerunt.

217 4243 329 4295 liendsm
350 4247 481 4310 publicum
498 4250 601 4312 epulum
621 4250 742 4313 instituta,
