3084 4900
263 376 305 441 lo
687 394 721 440 s.
745 388 928 441 enonovu

264 555 340 622 quos
353 532 492 618 subsequi
503 530 648 596 diximus.
669 532 786 599 Variis
796 535 908 600 mosiis
922 533 979 598 hio
994 533 1090 599 loeus
1106 531 1287 601 alibrariis
1299 534 1371 600 tuit

266 642 455 721 corruptus·
496 635 673 702 Vulturius
694 638 783 702 enim
808 639 867 703 lib.
883 620 967 703 1111.
987 637 1029 702 de
1049 635 1102 700 Re
1117 636 1218 702 Mitis,
1232 655 1276 701 ex
1297 655 1368 700 sno

265 738 383 804 codiee
398 736 529 822 profert,
545 757 617 822 quos
630 735 746 802 subesse
758 737 901 802 diximus.

309 843 320 873 ‘
336 839 378 922 In
393 841 466 904 soie
480 847 594 904 entem
608 840 683 906 istse
705 841 771 905 lere
788 841 903 905 formas
928 843 1018 916 sunt,
1034 839 1215 916 exereitus,
1230 839 1369 915 classis,

265 939 382 1019 nodus,
398 961 536 1020 ouneus,
551 943 617 1019 ala,
631 961 766 1020 cornua,
782 961 918 1024 agmen:
951 962 1018 1026 quo
1030 937 1158 1024 fermus
1181 950 1212 1004 et
1235 946 1367 1005 nomina

266 1042 309 1106 111
324 1042 410 1124 ipsis
423 1043 535 1120 rebus,
551 1043 592 1107 de
608 1043 729 1127 quibus
744 1044 906 1109 translata
919 1050 1007 1120 eunt,
1022 1042 1213 1108 imitantur?

310 1140 377 1206 Me.
398 1163 464 1227 qua
476 1139 593 1228 fornae
616 1153 646 1206 et
669 1142 807 1224 uomina,
822 1149 923 1229 atque
946 1165 1022 1210 cum
1046 1144 1166 1209 codiee
1187 1142 1364 1208 Vossiano

266 1251 459 1308 mutuantur.

290 1339 459 1410 “Notius
484 1350 591 1411 antem
619 1348 729 1415 dietus
752 1365 813 1434 pro
837 1347 1042 1424 difficultate,
1058 1347 1150 1430 qnod
1172 1347 1232 1411 vix
1252 1343 1367 1428 possit

267 1445 415 1512 resolvi!

309 1546 379 1612 Ms-
406 1545 530 1611 Nodum
555 1559 658 1615 autem
682 1550 790 1616 dieunt
810 1559 940 1635 propter
963 1548 1184 1634 dsffiwlotm,
1209 1546 1293 1634 quod
1309 1548 1365 1611 uin

262 1647 360 1732 possit
373 1645 506 1714 dissolui.

309 1755 320 1784 ‘
335 1749 370 1814 N
373 1771 426 1815 em
441 1771 557 1834 agmen
572 1752 702 1832 dieitur,
717 1753 809 1838 quod
822 1753 856 1817 in
870 1750 1061 1839 longitudine
1074 1751 1234 1816 directum
1247 1750 1320 1815 ese’

310 1851 380 1917 Me.
396 1858 428 1918 et
442 1854 552 1918 codex
564 1853 669 1920 Voss.
684 1855 718 1919 in
731 1852 963 1941 longitudinem.

290 1953 441 2017 ·Tertius
455 1971 591 2036 quoque
614 1955 649 2018 in
667 1956 860 2021 membrana
880 1962 914 2021 et
933 1975 994 2038 per
1013 1955 1189 2020 columnas
1207 1952 1364 2037 scriptus,

269 2052 475 2119 saeeulolere
488 2055 648 2130 vetustior
661 2055 881 2138 praecedenti,
897 2060 932 2120 et
954 2057 1055 2122 bonae
1078 2061 1180 2134 notae,
1197 2055 1257 2120 sed
1277 2055 1364 2119 male

267 2153 402 2218 habitus
425 2161 460 2220 et
480 2155 746 2239 pluribustoliis
774 2163 956 2236 truncates,
980 2156 1232 2241 comprehendit
1249 2155 1364 2220 Orosii

266 2255 372 2321 libros
389 2272 453 2320 v11.
476 2256 649 2322 librorum
663 2257 766 2341 'liogi
782 2258 937 2341 Pompeii
953 2258 1129 2340 Prologos,
1138 2262 1171 2321 et
1181 2256 1364 2321 Jnstinnm.

269 2355 383 2422 Orosii
397 2357 517 2422 librum
533 2375 559 2422 1.
577 2359 770 2441 praeeedunt
793 2359 1021 2423 testimonium
1043 2357 1207 2424 Gennedii
1223 2356 1365 2423 111010-

268 2461 333 2537 sio,
347 2465 379 2524 et
399 2458 538 2525 Carmen
554 2463 792 2545 qninquaginta
806 2462 938 2527 circiter
957 2479 1121 2538 vmsuum,
1137 2480 1277 2543 qnorum
1298 2466 1366 2523 tre·

268 2560 376 2625 decim
392 2567 518 2627 tantum
536 2563 604 2643 legi
626 2568 783 2645 possunt,
806 2580 926 2627 novem
945 2580 1064 2645 nempe
1084 2562 1223 2645 priores,
1236 2567 1270 2627 et
1281 2578 1365 2644 qna·

267 2667 343 2727 tuor
356 2664 536 2747 postremi:

310 2763 413 2828 Orbis
427 2771 583 2830 terramus
596 2771 769 2850 metasque
782 2764 934 2850 sitneque
945 2766 1096 2831 loeorum

313 2864 493 2950 Compntut
506 2865 561 2931 hie
577 2867 684 2933 saneti
697 2866 807 2932 oodex
820 2868 999 2933 luculenter
1013 2867 1126 2931 Orosii

313 2966 480 3032 Mundum
494 2973 571 3051 post
583 2969 718 3046 factum,
731 2969 909 3034 formatum
923 2976 1003 3054 post
1016 2967 1268 3054 protoplastum,

311 3068 395 3151 Ejus
409 3073 442 3133 et
455 3070 625 3134 excidium
641 3072 745 3153 tangit
759 3090 820 3153 pro
834 3071 971 3135 erimine
984 3070 1108 3135 factum

307 3170 448 3235 ‚Terram
463 3171 590 3237 diluvio
605 3191 704 3257 snper
717 3191 850 3237 omnem
863 3172 996 3237 vindice
1009 3170 1096 3249 fuso,

270 3330 276 3341 .
312 3270 404 3336 Arca
418 3274 557 3336 servatis
572 3272 684 3339 divino
697 3292 828 3337 munere
841 3272 972 3355 paneis.

313 3373 404 3437 Hine
420 3373 518 3449 mala,
533 3373 636 3452 bella,
651 3394 765 3453 neces,
781 3374 969 3451 conflictus,
983 3372 1114 3457 praelia,
1128 3372 1216 3451 lites,

312 3474 453 3552 Probra,
468 3474 666 3553 simultates,
680 3476 843 3553 incestus,
853 3476 977 3559 jurgia,
991 3474 1140 3552 fraudes,

311 3576 466 3641 Errorum
480 3582 595 3654 seetae,
610 3577 798 3660 patricidis,
812 3577 910 3655 furta,
921 3575 1061 3659 rapiam,

416 3700 419 3709 ·
517 3693 539 3736 s
710 3691 731 3732 11
902 3690 924 3733 s
1093 3688 1115 3729 s

312 3778 468 3845 cerneret
481 3778 535 3843 hio
548 3778 669 3855 oeulis,
684 3797 751 3861 qno
764 3777 877 3861 possit
890 3781 1030 3858 uterque
1044 3774 1166 3840 doceri.

314 3880 416 3958 Quod
431 3881 494 3945 tibi
507 3880 685 3957 transmisi,
699 3898 769 3943 non
784 3887 823 3943 nt
835 3898 911 3943 mea
924 3877 1051 3941 discere
1064 3878 1177 3959 possis

314 3982 499 4064 Dogmata:
522 3980 581 4046 sed
594 3980 685 4047 fieret
697 3997 801 4044 verax
817 3987 856 4045 ut
863 3978 980 4062 judice
995 3981 1104 4043 temet.

214 4145 218 4153 ,
313 4082 449 4151 AEmnla
463 4101 603 4167 namque
617 4100 734 4150 manus
748 4082 799 4147 sic
813 4080 930 4147 rodere
945 4079 1075 4145 desinet
1087 4077 1179 4143 1111111.
