3084 4900
242 339 310 406 281
717 351 866 403 rnsrrar

245 499 299 564 11.
322 498 397 582 ipsi
410 515 501 562 more
510 495 715 580 jurgantium
731 497 776 561 ad
791 475 978 580 tyrannum,
992 493 1096 559 veluti
1111 495 1155 560 ad
1170 513 1292 576 regem,
1306 496 1340 564 in

246 620 357 668 arcem
372 598 592 664 contendunt:
614 599 667 663 15.
682 600 739 682 qni
750 599 824 683 J‘ure
839 595 1077 660 familiaritatis
1092 597 1242 674 admissi,
1263 595 1341 662 dnm

246 703 385 766 alterum
398 699 539 783 priorem
550 698 714 764 dicentem
729 700 874 763 intentus
885 696 979 761 audit
993 704 1166 779 tyrannus,
1178 697 1222 761 ab
1236 697 1340 762 altero

246 803 470 867 obtruncatur.
516 800 568 865 16.
589 800 702 866 Sedet
715 802 796 883 ipsi,
812 799 914 865 sociis
925 798 1051 862 tardius
1064 797 1225 863 auxilium
1238 797 1342 862 feren-

246 903 349 979 tibus,
373 902 611 967 asatellitibns
624 903 817 968 obruuntur.
863 901 915 966 17.
938 899 1065 978 Quare
1080 900 1207 964 factum
1222 904 1283 977 est,
1304 906 1342 963 nt

246 1011 405 1086 tyrannus
431 1003 564 1086 quidem
590 1002 806 1080 occideretur,
831 1002 890 1066 sed
914 1001 1025 1084 patria
1049 1019 1114 1066 non
1139 999 1341 1066 liberaretum

248 1104 301 1168 18.
324 1104 415 1168 Nam
437 1104 537 1170 frater
559 1103 734 1170 Clearchi‘¹
757 1105 896 1188 Satyrus
920 1101 1037 1167 eadem
1061 1103 1117 1166 via
1138 1101 1342 1185 tyrannidem

247 1205 394 1271 invadit:
415 1204 593 1289 multisque
615 1206 722 1284 annis,
744 1225 805 1290 per
827 1203 951 1287 gradus
973 1204 1210 1282 successionis,
1234 1203 1343 1268 Hera·

248 1306 391 1370 elienses
405 1313 565 1388 regnum⁴
578 1312 809 1390 tyrannorum¹
824 1307 929 1372 luere.

698 1460 880 1480 mm

249 1533 446 1599 suspicabantur
460 1534 544 1584 flebis.
555 1542 583 1585 et
594 1536 674 1587 Bern.
697 1536 759 1585 Vid.
778 1536 861 1586 Arum
872 1549 891 1586 1.
904 1537 970 1587 Oba.
986 1539 1076 1585 11.-4
1093 1535 1158 1585 Coll.
1169 1534 1203 1585 N.
1214 1533 1257 1584 ed.
1271 1535 1344 1586 Jrnt

249 1599 335 1651 11111
346 1615 367 1649 r.
378 1598 500 1661 Medicai,
511 1599 584 1650 Laid.
594 1605 619 1650 2.
631 1607 655 1652 δ.
674 1600 750 1652 Budl.
761 1601 934 1666 liaffislhrrrn.
951 1601 1038 1652 Paria.
1052 1599 1117 1652 Cell.
1127 1601 1158 1650 C.
1174 1599 1203 1650 C.
1214 1599 1255 1650 ed.
1270 1599 1344 1650 Rom.

249 1665 330 1714 Bech.
342 1663 410 1714 Flur.
423 1663 495 1713 Med.
508 1665 570 1715 l’ar.
581 1663 644 1714 Ald.
656 1665 691 1714 H.
704 1680 724 1715 r.

745 1792 852 1843 Nom

282 1895 399 1946 *Frater
411 1895 530 1959 curren]
561 1894 778 1948 Mnltaibimore
817 1896 879 1960 rina,
897 1897 1063 1963 illiSatyrus,
1082 1911 1128 1948 seu
1143 1897 1267 1960 Zethum
1283 1897 1343 1948 huic

251 1987 297 2022 suc
308 1969 444 2021 confundit
454 1970 551 2021 Jurtln.
572 1970 623 2022 dno
642 1972 710 2023 enim
721 1971 779 2022 t'ne·
817 1985 880 2022 reru
891 1975 1030 2024 Clearchus
1041 1973 1116 2023 alter.

251 2053 313 2096 runt
332 2045 468 2096 clearchi:
487 2047 594 2110 primur,
612 2047 656 2098 cui
676 2063 778 2098 sncces-
860 2055 871 2082 ¹
896 2047 1071 2112 lyrmroram]
1101 2047 1217 2098 Quorum
1238 2047 1343 2098 nitimur

251 2123 356 2183 sitnon
365 2122 485 2185 Satyrus,
496 2123 542 2173 aad
557 2124 710 2174 Timotheus
720 2126 779 2189 ejus
817 2122 1056 2194 fnithyrlmachna,
1070 2123 1114 2188 qni
1124 2123 1272 2174 libertatem
1281 2123 1344 2173 eiri-

250 2192 333 2266 lilius,
349 2214 383 2249 ex
405 2198 485 2250 Dicd.
520 2199 657 2252 Timotheo
677 2200 779 2265 Diony·
819 2201 988 2266 buseripuit.

636 2635 803 2711 LIBER
832 2635 965 2709 XVII.

588 2874 823 2927 aanvlaanrm
840 2874 1016 2929 CAPITUM.

296 3022 328 3085 1.
351 3019 544 3104 Lysimachi
566 3020 653 3102 regis
677 3021 851 3103 tragoedia.
895 3022 928 3086 2.
951 3019 1044 3086 Idem
1060 3020 1193 3085 amissis
1207 3019 1348 3104 quinde-

252 3122 318 3185 cim
332 3120 446 3185 liberis
457 3124 492 3185 in
503 3122 621 3207 praelio
633 3124 814 3189 occumbit.
860 3123 1020 3189 Seleucus
1035 3143 1094 3206 per
1107 3123 1248 3188 insidias
1261 3123 1349 3187 occi-

252 3220 343 3286 ditur
357 3240 378 3285 a
391 3223 583 3289 Ptolemaeo.
627 3224 835 3290 Ptolemaeus
850 3227 1040 3309 principum
1055 3226 1248 3304 amicitiam,
1262 3244 1348 3309 prae·

253 3323 362 3386 sertim
387 3323 518 3407 Pyrrhi,
544 3318 612 3390 sibi
636 3325 803 3391 conciliat.
856 3326 888 3391 3.
922 3328 975 3391 De
998 3326 1211 3411 Epirotarum
1237 3344 1348 3407 regno,

255 3422 476 3510 ejusdemque
501 3428 630 3513 origine
654 3446 695 3490 ac
716 3426 861 3507 regibus,
885 3426 1058 3510 digressio.
1110 3427 1230 3511 Pyrrhi
1255 3427 1349 3491 vana

253 3524 397 3591 senuna.

297 3776 386 3841 Car.
399 3794 423 3841 1.
467 3779 501 3842 1.
523 3779 591 3844 Per
613 3778 700 3844 idem
721 3781 824 3845 ferme
849 3787 978 3865 tempus
998 3780 1051 3843 in¹
1069 3778 1302 3865 Hellesponti·
1315 3780 1350 3842 el

714 3920 891 3945 mmm

286 4008 298 4052 1
320 4004 352 4054 Is
363 4004 486 4055 omittunt
494 4004 619 4069 Medicei,
634 4005 716 4069 Magi.
727 4005 803 4057 Lete.
813 4010 837 4057 1.
850 4012 876 4061 d.
891 4006 992 4059 Thoan.
1001 4006 1087 4057 Paria.
1096 4006 1172 4061 Bodl.
1184 4006 1250 4057 coll.
1262 4006 1296 4058 N.
1307 4006 1350 4059 at

747 4135 857 4187 NOTAE

285 4235 299 4262 ⁸
314 4228 474 4293 Hellesponti]
491 4231 597 4283 Fretum
616 4238 657 4281 est
676 4238 813 4296 angrorum
834 4233 904 4283 inter
926 4233 1038 4297 &narn
1065 4246 1136 4283 mare
1159 4239 1187 4283 st
1211 4233 1349 4295 Proponti-
