3084 4900
559 409 608 456 os
630 406 781 458 susurru
807 407 951 456 ωτι.
1255 391 1298 454 31

205 567 327 616 nornen
341 547 499 614 Antonini
512 550 555 615 ab
569 550 622 627 iis,
639 549 698 633 qui
710 548 734 613 J
735 549 881 614 ustinum
895 549 982 614 sulso
992 548 1132 613 eundern
1146 551 1300 631 pntureut

206 671 284 716 cnm
299 650 421 715 celebri
434 650 508 734 ojus
529 650 672 716 nominis
695 649 904 734 Philosopho
932 649 1122 715 Christiano
1147 652 1181 713 ot
1206 647 1300 714 liur-

208 759 300 834 tyro:
322 752 441 835 inquo
456 771 563 818 erroro
579 753 707 817 vorsuti
732 758 814 817 sunt.
830 752 992 829 Isidorus,
1016 749 1218 828 Jornundos,
1242 749 1300 815 Jo.

210 852 332 918 Sarisb.
348 857 383 918 et
397 853 456 918 ulii
471 854 682 922 recentiores·
725 853 846 939 Noquo
859 853 1042 918 verisimile
1055 851 1199 929 videtur,
1220 849 1302 916 Jus-

211 953 314 1018 ttnnm
328 953 522 1018 emendandi
537 973 644 1019 causo
657 974 745 1038 opus
759 974 857 1019 suum
870 953 914 1018 ad
928 954 1160 1037 Imperatorem
1171 954 1304 1018 mittero

213 1053 369 1130 voluisse,
392 1054 483 1138 qnod
499 1055 532 1118 in
547 1055 750 1138 praefatione
765 1055 890 1120 innuit:
912 1055 943 1118 si
964 1073 1121 1142 eumnuon
1135 1053 1245 1137 potius
1259 1054 1304 1119 utl

213 1156 318 1218 virum
332 1155 478 1240 aliquem
492 1154 629 1222 (luctum
643 1155 734 1222 illins
749 1156 875 1234 aetutis,
889 1155 1020 1239 sibique
1032 1156 1189 1231 amioum,
1202 1174 1304 1238 quom

216 1253 257 1318 ud
272 1253 451 1334 Caesursm,
461 1257 596 1346 ‹linuit-
641 1256 722 1322 Non
736 1257 845 1338 magis
857 1263 981 1322 oenum
996 1261 1058 1334 ost,
1081 1255 1171 1338 quod
1186 1255 1305 1321 Murti-

215 1373 276 1420 nus
292 1355 445 1422 Polouus
462 1365 497 1422 et
512 1356 646 1422 Auctor
658 1356 735 1422 libri
749 1356 792 1420 do
806 1355 899 1423 Vitis
922 1354 1206 1439 Philosophorum
1230 1375 1305 1440 cop.

215 1457 289 1522 114.
304 1456 479 1537 affirmant,
493 1457 598 1541 Trogi
611 1457 811 1541 disoipnlum
824 1457 939 1523 fuisso.
983 1457 1152 1522 Justiuum
1166 1459 1307 1523 libontor

217 1559 365 1642 sequitur
380 1556 534 1636 Orosius,
560 1559 710 1623 imitatur
725 1559 819 1622 Saxo
834 1557 1093 1636 Grammaticus,
1119 1566 1159 1622 ut
1172 1559 1208 1621 in
1220 1559 1308 1622 notis

216 1659 259 1724 od
284 1659 370 1728 huno
393 1660 592 1744 Stoplrsnins
616 1659 744 1744 possim
769 1666 871 1726 notat.
914 1660 1038 1725 Porum
1061 1657 1222 1724 osdibilo
1246 1663 1307 1735 ost,

218 1760 310 1844 quod
321 1761 355 1824 in
368 1761 488 1826 codice
512 1760 815 1844 Moglioboquiono,
837 1766 923 1824 tosto
938 1757 1020 1823 Aur.
1036 1757 1220 1834 Gronovio,
1244 1764 1310 1823 tru-

217 1860 317 1939 ditur,
331 1860 355 1925 J
356 1862 498 1927 ustinum
518 1859 761 1944 Philosophum
777 1861 1025 1925 celeberrimum
1038 1867 1073 1924 ot
1085 1859 1189 1942 Trogi
1202 1859 1308 1924 tuisse

218 1961 443 2044 discipulum
465 1961 702 2036 multominus,
724 1960 813 2044 quod
829 1961 1021 2027 Guoltorius
1041 1961 1182 2026 Burlons
1205 1962 1310 2044 sorio

219 2063 274 2140 sit,
288 2062 404 2126 filium.
449 2063 568 2128 Libros
588 2061 692 2145 Trogi
715 2061 757 2125 do
780 2063 979 2127 animalibus
1001 2062 1118 2126 tondat
1139 2060 1312 2126 Charisius

219 2163 277 2227 lib.
296 2181 319 2229 ι.
343 2183 379 2247 p.
394 2163 449 2229 79.
471 2163 608 2248 rsspioit
635 2163 767 2229 Plinius
785 2179 850 2228 vu.
886 2163 976 2228 illst.
999 2163 1145 2245 Trogum
1168 2163 1311 2226 laudons

220 2284 295 2348 cup.
310 2265 345 2329 3.
370 2270 404 2328 ot
429 2265 486 2328 lib.
504 2279 558 2329 xl.
584 2283 660 2348 usp.
675 2263 731 2329 52.
751 2265 809 2329 ubi
831 2269 1018 2328 ‘suetorum
1048 2262 1311 2329 sonorissimum’

220 2372 334 2430 vooot.
378 2363 549 2429 Historias
563 2363 666 2448 Trogi
680 2371 867 2431 memorant
880 2365 1091 2442 Priscianus,
1116 2366 1194 2428 itsm
1209 2362 1313 2427 Plini·
1405 2401 1415 2412 -

220 2486 273 2545 us,
284 2474 319 2532 ot
332 2467 367 2531 in
381 2464 554 2550 Virgilium
566 2454 712 2546 Servius,
723 2467 860 2551 oliiqus.
