3084 4900
600 391 802 444 cassino.
1202 379 1246 446 lt
1378 353 1384 364 ⁸

145 536 257 602 formae
271 535 414 602 minoris
427 537 463 600 in
478 535 528 600 4⁰.
543 535 674 602 titulum
700 535 851 619 concipit
871 535 937 601 hoc
950 538 1071 604 modo:
1092 543 1104 574 ‘
1120 537 1169 604 Μ.
1183 540 1207 606 J
1208 560 1246 604 u·

147 638 234 702 niani
258 637 389 702 Justini
419 635 574 720 Epitorne
602 635 829 702 Historiarum
854 637 1118 724 Phiiipplcarum
1142 641 1245 728 'liogi

149 737 323 823 Pompeii?

192 839 369 906 Secundus
391 841 427 906 in
438 843 485 908 4⁰.
510 841 647 926 majoris
666 840 783 906 sermm
798 839 1017 907 albienses
1039 843 1245 924 Bodleianm,

149 961 194 1004 cx
227 941 343 1023 Ιομιο
372 945 640 1010 reverendissimi
675 951 780 1026 atque
807 943 1024 1010 illustrissimi
1045 944 1133 1024 Viri,
1159 946 1245 1012 Gui-

149 1043 253 1108 lielmi
276 1043 398 1122 hodi,
422 1043 682 1130 Archiepiscopi
706 1043 965 1124 Cantnadeusis,
989 1053 1091 1132 atque
1112 1045 1247 1112 Acade-

150 1145 226 1210 mie
241 1144 446 1211 Oxonimsis
460 1146 671 1224 Cancellarii,
694 1148 858 1212 recentior
876 1147 1020 1232 quidem,
1041 1167 1157 1214 verum
1180 1166 1248 1212 me·

149 1245 241 1310 lieris
254 1252 358 1323 notm,
372 1247 492 1314 codex.
536 1247 716 1331 Inscriptio
730 1247 881 1332 ejusdem
896 1249 1018 1314 similis
1033 1250 1104 1316 iere
1118 1269 1247 1333 praece·

151 1347 265 1412 denti:
286 1353 297 1382 ‘
321 1347 371 1412 Μ.
396 1349 536 1439 Juniani
558 1349 684 1415 Justini
713 1348 867 1432 Epitome
893 1349 1120 1416 Historiarum
1144 1350 1247 1434 'trogi

150 1447 295 1532 Pompei
310 1465 418 1515 ιιιιν.
431 1450 549 1517 libris?
590 1449 646 1516 Ad
670 1450 799 1515 calcem
822 1450 898 1516 libri
919 1451 1029 1516 ultimi
1044 1452 1158 1518 addita
1171 1459 1247 1517 erat

149 1549 223 1614 brec
252 1553 474 1637 subscriptio:
503 1553 686 1638 ‘Pompeii
705 1550 808 1634 Trogi
834 1552 993 1636 Epitoma
1020 1552 1247 1618 Historiarum

150 1652 237 1716 liber
253 1667 380 1718 xnrur.
404 1653 566 1738 explicit!
778 1704 781 1710 .

192 1753 328 1822 Tertius
342 1755 495 1840 ejusdem
507 1756 636 1834 formas,
648 1755 867 1822 Bibliothecae
878 1755 1018 1842 Collegit
1033 1757 1069 1824 N
1070 1758 1139 1836 ovi,
1155 1755 1248 1841 quod

151 1853 280 1920 oxonii
305 1863 370 1934 cst,
392 1854 859 1942 inscriptionem'prmlationis
883 1877 906 1923 a
927 1859 1064 1944 reliquis
1079 1857 1164 1924 Hss.
1181 1859 1250 1924 dis·

150 1955 323 2021 sedenim
336 1957 489 2022 exhibet:
516 1957 674 2040 ‘'I'rogns
689 1957 870 2042 Pompeius
890 1959 933 2024 de
955 1962 1064 2044 gestis
1077 1961 1248 2028 Romano·

149 2055 247 2135 rum,’
267 2063 302 2122 et
323 2058 357 2122 in
377 2057 455 2140 ipsa
473 2058 684 2140 prelatione:
710 2057 798 2122 ‘Vir
812 2059 935 2142 priscae
957 2061 1160 2144 eloquentiae
1185 2081 1248 2146 ego

151 2158 284 2242 'lhogus
300 2159 485 2242 Pompeius
500 2159 640 2226 Graecas
654 2165 688 2226 et
709 2161 815 2225 totins
840 2161 932 2226 orbis
956 2161 1112 2228 historias
1127 2163 1249 2229 latino

151 2279 304 2326 sumone
319 2259 495 2343 composui
504 2258 524 2325 :'
552 2279 593 2326 ac
607 2259 818 2345 paulopost:
848 2263 859 2292 ‘
875 2259 928 2324 Ea
939 2263 1052 2328 omniu
1062 2263 1250 2347 Pompeius

152 2360 268 2426 diuisa
280 2361 501 2446 temporibus,
517 2367 549 2426 et
562 2362 647 2428 serie
661 2379 767 2426 rerum
785 2359 927 2443 digesta,
941 2362 1136 2446 composui?
1179 2363 1248 2429 Ge·

151 2464 256 2529 nnina
276 2471 387 2529 tamen
411 2469 463 2529 est
484 2464 700 2547 subscriptio,
715 2482 794 2546 quae
815 2461 1003 2547 praefationi
1025 2465 1247 2531 submittitnrr

154 2576 163 2598 ·
180 2565 333 2649 Explicit
355 2566 517 2631 Praeiatio
531 2564 688 2632 Justiniz'
712 2568 747 2629 et
770 2564 868 2629 dein:
895 2564 1045 2649 ‘Incipit
1058 2564 1248 2651 Prologus,¹

154 2686 277 2753 nempe
291 2667 368 2732 libri
383 2684 409 2731 1.
453 2667 675 2752 Reliquorum
695 2666 785 2729 enim
806 2664 963 2731 librorum
984 2665 1122 2751 Prologi
1135 2668 1171 2731 in
1186 2668 1251 2734 hoc

155 2771 274 2837 codice
289 2768 529 2835 desiderantur.
572 2766 688 2851 Hujus
713 2766 779 2831 fine
804 2764 953 2831 additur:
983 2766 1156 2851 ‘Explicit
1169 2769 1254 2835 Pr0·

154 2874 268 2955 legas.
312 2854 438 2956 Incipit
467 2870 551 2936 liber
576 2868 733 2953 primnsz'
754 2872 790 2933 et
817 2866 860 2931 ad
890 2868 1016 2933 calcem
1044 2869 1120 2934 libri
1146 2884 1252 2935 xus.

155 2980 165 3009 ⁸
182 2972 330 3058 Pompei
350 2972 453 3055 Tingi
474 2972 627 3057 Epitome
642 2968 866 3037 Historiarum
879 2969 964 3033 liber
978 2970 1253 3053 quadragesimus

156 3082 303 3159 quartus
317 3072 479 3159 explicit!
521 3072 691 3138 Justiuum
713 3076 824 3135 autem
845 3070 974 3153 excipit
992 3070 1170 3135 Tractstrm
1187 3069 1253 3137 hoc

157 3177 259 3243 titulo
295 3176 449 3260 insignis·
499 3172 655 3239 ‘Bonum
689 3170 875 3237 universale
912 3168 954 3234 de
988 3168 1254 3255 Proprietatihos

159 3277 299 3363 Apum?

202 3379 353 3459 Quartus
367 3378 471 3445 etiam
487 3377 703 3454 oxoniensis,
729 3373 954 3440 Bibliothecae
969 3371 1112 3457 Collegii
1128 3372 1255 3459 Corpo-

160 3482 207 3545 ris
222 3480 359 3559 Christi,
373 3480 492 3545 t'ormae
505 3478 666 3564 ejusdem,
682 3478 847 3558 Prologos
860 3476 1021 3540 librorum
1036 3474 1141 3558 Trogi
1155 3474 1256 3540 Pom·

161 3582 229 3667 peii
244 3582 438 3647 continebat
450 3588 485 3646 et
497 3570 678 3647 Justinum.
722 3580 869 3661 Prologo
887 3578 1005 3641 ultimo
1028 3577 1257 3661 subscriptum

163 3690 250 3749 eret:
272 3688 283 3717 ‘
296 3682 451 3768 Explicit
464 3681 654 3767 Epitboma.
698 3678 827 3763 Incipit
839 3676 1001 3743 Praelatio
1014 3676 1038 3743 J
1039 3678 1141 3743 ustini
1154 3674 1257 3757 Trogi

163 3782 245 3848 Pom
287 3783 322 3849 i.¹

206 3804 349 3963 Quientus
387 3882 613 3949 Bibliothecae
652 3878 870 3945 Academica
899 3878 1195 3961 Cantabrigiensis,
1221 3876 1259 3941 in

162 3985 252 4066 lolio),
282 3983 606 4077 comprehendebat,
634 3986 753 4079 praeter
781 3979 944 4062 Prologus
971 3980 1127 4044 librorum
1155 3976 1258 4057 Trogi

162 4088 309 4176 Pompeii
325 4093 360 4154 et
373 4086 563 4163 Iustinum,
579 4062 767 4167 Epistulam
788 4078 970 4146 Alexandri
994 4079 1043 4143 Μ.
1067 4079 1110 4143 ad
1130 4077 1259 4144 Aristo·

161 4191 262 4273 telem,
288 4190 352 4257 sed
380 4186 549 4264 mutilam,
578 4184 728 4269 Gregorii
760 4181 965 4248 Nacimeeni
989 4180 1261 4267 apologeticum,
