3084 4900
234 345 278 409 24
435 330 463 370 ·’
661 366 694 412 A·
718 363 898 412 cnouovu

232 504 285 570 scd
310 503 411 569 odium
433 505 674 584 obtrectationis,
695 525 789 569 causo
813 501 931 588 ruffum
948 502 1033 589 fuit.
1065 520 1207 570 xxxvl.
1233 506 1331 577 213,

234 607 343 670 ‘Post
356 606 573 672 “Damascum
596 605 731 683 Anelus,
757 625 840 671 mox
867 605 1009 684 Adoreo,
1033 613 1067 670 et
1096 605 1270 672 Habraam
1290 615 1326 670 et

140 791 144 800 ἱ
234 705 361 772 Israhel
375 727 469 789 reges
483 706 607 772 luere!⁴
638 706 692 772 Ita
717 725 761 770 ex
785 707 923 792 antiquo
939 706 1013 771 haec
1033 707 1181 784 nomina,
1201 708 1325 790 quaeiu

235 809 354 873 ceteris
379 807 628 891 exemplaribus
651 826 748 872 secus
772 808 935 890 leguntur,
956 807 1189 891 reposuimus!
1210 807 1324 873 Antea

232 910 404 992 legebatur
427 907 506 973 Post
530 907 719 983 Damascum
743 907 918 986 Adralaar,
944 906 1056 987 Moses,
1086 905 1217 987 Israhel,
1241 929 1325 995 rages

221 1008 342 1094 suae:¹
359 1016 460 1092 atque
473 1011 522 1074 ita
541 1009 637 1076 edere
656 1011 774 1079 maluit
786 1010 952 1092 Georgius
968 1010 1090 1094 Major,
1113 1029 1213 1095 quum
1230 1008 1324 1074 Aldi-

232 1129 311 1179 nam
325 1111 379 1174 vel
399 1111 422 1176 J
425 1103 574 1176 rrntiu'am
597 1112 704 1195 sequi,
730 1112 763 1174 in
783 1112 908 1194 quibua
931 1117 1026 1175 extat
1040 1107 1119 1174 Pou
1136 1109 1327 1176 Damascum
1409 1158 1412 1162 ι

234 1208 359 1287 Ateius,
382 1232 451 1274 moa
465 1209 594 1290 Adores,
624 1209 799 1290 Hadraam,
817 1211 947 1289 lauded,
972 1208 1165 1297 ragesfucrc.
1209 1210 1322 1275 Editio

233 1311 387 1377 Romana
401 1332 538 1396 quoque
548 1314 636 1378 huuc
650 1314 761 1384 locum
777 1314 826 1378 ita
838 1318 1071 1396 repraesentat:
1095 1307 1175 1374 Part
1187 1309 1323 1374 Damar-

233 1433 299 1476 cum
310 1411 434 1493 Azotos,
445 1433 516 1478 mou
525 1411 642 1478 Adoreo
655 1424 685 1477 et
698 1411 902 1478 Habronmus
916 1423 946 1476 et
957 1409 1320 1498 irraletrcgesfueruot.

234 1515 499 1581 xxxvu1.7.8.
523 1514 719 1579 “Exactio
739 1512 1013 1598 publicauomm?
1055 1510 1241 1595 Antiquam
1262 1530 1323 1576 ex·

124 1663 129 1674 .
232 1617 369 1699 emplar,
392 1615 599 1701 praecautio,
621 1616 710 1680 sectio
723 1615 844 1681 habet!
887 1613 1015 1679 Vocem
1026 1611 1118 1677 sectio
1132 1632 1263 1696 quoque
1277 1632 1323 1677 ex

233 1715 320 1784 Mes.
334 1717 472 1784 iustine
485 1717 630 1783 reddidit
645 1717 747 1800 ampl.
762 1717 978 1799 Bongarsius,
993 1715 1179 1798 iisdemque
1193 1714 1322 1796 ustipu-

230 1817 318 1883 latur
335 1819 440 1883 edrtro
463 1817 629 1882 Romana
653 1817 975 1882 xxxvrn.10..‘s
990 1814 1324 1897 cummanum

232 1916 373 2000 gerent?
395 1918 564 2001 antiquum
586 1917 757 2001 exemplar
769 1918 874 1982 habet
886 1913 1044 2000 facerent,
1065 1916 1123 1980 ubi
1137 1923 1248 1980 cetera
1250 1914 1321 1999 fln-

228 2019 357 2102 gerant!
400 2018 601 2102 Itaquoque
626 2018 662 2080 in
687 2016 774 2082 Mss.
800 2022 900 2101 atque
923 2016 1068 2082 editione
1083 2016 1239 2081 Romana
1251 2017 1321 2099 lege

230 2121 351 2185 monui.
395 2120 435 2185 ln
458 2127 577 2185 averae
600 2119 699 2204 primi
722 2119 795 2184 lolii
817 2126 913 2203 perte
939 2123 1031 2182 exuet
1049 2116 1205 2200 Epistola
1230 2118 1322 2182 Petri

231 2219 371 2286 Duuesii
384 2221 429 2288 ad
443 2221 623 2287 Antonium
644 2218 865 2286 Aussurdum.
910 2219 1012 2284 Floro
1025 2237 1160 2303 quoque
1179 2217 1322 2302 prestigi-

230 2328 285 2386 tur
312 2320 460 2404 ejusdem
490 2321 646 2405 Epistola
680 2322 919 2406 nuncupatoria
947 2320 991 2385 ad
1025 2319 1256 2386 Revereudum
1283 2318 1320 2384 in

230 2419 363 2488 Christo
385 2421 516 2489 Putrem
541 2423 585 2490 D.
609 2422 824 2490 Frauciscum
852 2422 1049 2500 Hemonam,
1073 2419 1319 2487 Nannetensem

229 2520 448 2605 Episcopum.

272 2621 401 2687 Octava
415 2621 543 2687 Veneto
557 2625 591 2687 in
605 2625 649 2689 8⁰.
663 2625 799 2691 Aldinis
811 2629 902 2710 typis
916 2646 1051 2705 excusa,
1066 2627 1219 2691 omnibus
1233 2646 1318 2710 prae·

228 2720 424 2788 cedentibus
451 2724 652 2789 editionibus
676 2726 999 2809 longecastigatior,
1027 2726 1157 2808 egregie
1185 2726 1319 2811 supplet

228 2821 395 2900 lacunam,
424 2844 502 2907 quse
528 2826 657 2903 iisdem,
686 2832 909 2910 preterquam
937 2826 1114 2902 mnne,
1141 2826 1319 2891 imorem

228 2939 324 2987 xvrr.
339 2924 436 2989 215.
459 2924 537 2991 ‘Ob
552 2927 626 2992 hoec
642 2928 799 3011 Pyrrhus,
821 2926 890 2992 tilia
903 2927 1083 2993 Ptolemaei
1101 2928 1134 2991 in
1148 2927 1318 2991 matrimo-

226 3025 316 3095 nium
332 3034 483 3111 acceptn,
496 3029 662 3095 vindicem
673 3050 748 3095 eum
761 3030 854 3111 regni
867 3029 1011 3113 reliquit.
1055 3026 1124 3093 Sed
1139 3021 1319 3111 quoniam:

226 3128 287 3189 &a
303 3128 519 3208 Bechanuna,
534 3138 568 3195 et
582 3136 648 3197 tres
664 3132 842 3211 Parisinae,
861 3150 1000 3215 quarum
1012 3136 1110 3194 autea
1124 3148 1145 3193 a
1158 3148 1212 3193 me
1224 3128 1318 3193 facta

225 3225 289 3290 suit
303 3229 433 3305 mentio,
457 3249 519 3312 pro
534 3250 602 3293 eum
617 3230 700 3297 dant
713 3253 794 3309 eom,
816 3239 855 3297 ut
868 3231 933 3296 hoc
947 3248 1128 3314 pronomen
1141 3228 1185 3293 ad
1200 3246 1315 3293 vocem

175 3372 179 3377 -
226 3324 372 3391 ‘filiam'
393 3328 583 3396 referretur:
606 3339 641 3398 al
664 3335 764 3415 longe
788 3334 925 3398 nitidius
938 3336 1002 3409 est,
1026 3336 1125 3414 atque
1145 3330 1314 3395 histormoe

226 3427 352 3491 ueritati
366 3431 631 3511 convenientius,
654 3433 744 3516 quod
764 3434 799 3498 in
820 3432 944 3498 Aldina
958 3438 993 3495 et
1005 3430 1163 3495 Romana
1177 3428 1314 3511 legitur:

228 3522 278 3589 Oa
292 3524 359 3599 ‚aaa
374 3524 519 3613 Pyrrhus
618 3532 752 3618 reliquit,
766 3532 948 3617 preficeret
970 3552 1037 3594 cum
1056 3528 1195 3593 omnibus
1206 3528 1315 3613 finiti·

224 3623 292 3702 mis,
306 3648 343 3691 oc
355 3625 489 3693 abducta
504 3628 537 3692 in
552 3628 683 3696 Italiam
705 3632 821 3718 (Rom.
837 3633 871 3697 ia
887 3630 1004 3713 ltalia)
1015 3632 1181 3717 juvartutc
1200 3627 1316 3713 prada

224 3722 357 3789 lortidus
371 3729 705 3817 regnumrelinqueret.
751 3732 815 3797 Sed
826 3754 858 3818 q.
889 3733 1021 3800 'litulus
1038 3732 1230 3816 hujusmodi
1244 3739 1313 3796 est:

224 3830 235 3858 ‘
248 3824 350 3909 'llogi
362 3828 503 3911 Pompei
518 3830 670 3897 Externa
683 3833 844 3899 Historiae
855 3836 889 3899 iu
902 3833 1131 3917 compendium
1146 3853 1168 3897 a
1177 3832 1200 3897 J
1202 3834 1314 3897 astino

221 3926 378 3994 redactae.
421 3928 637 3999 Ertemorum
661 3935 899 4018 Imperatomm
924 3935 1004 4001 vitae
1030 3934 1168 3999 audiere
1197 3933 1316 4017 AEmy·

221 4027 268 4091 lio
310 4029 466 4097 Probo),
505 4032 598 4099 Huic
633 4035 771 4103 editioni
807 4033 941 4119 prefuit
985 4034 1199 4099 Franciscus·
1223 4032 1315 4099 Asu*

222 4125 334 4203 lanus,
368 4131 464 4214 cujrrs
499 4130 649 4216 Epistola
681 4133 724 4199 ad
756 4134 923 4201 ioannem
956 4134 1147 4201 Cornelium
1176 4134 1314 4216 Georgii
1415 4170 1423 4182 ·
