3084 4900
237 360 306 427 142
707 370 857 421 susurru

237 522 336 587 unius
351 534 511 585 summam
525 514 654 599 imperii
668 515 895 581 detrimentum
909 532 1005 579 omne
1016 515 1197 598 perveniat
1221 517 1255 583 6.
1270 516 1326 582 Ιιι-

238 620 394 705 dignum,’
407 619 467 697 ait,
482 618 592 682 ‘bella
608 636 675 681 uon
688 618 812 700 pertici,
828 616 889 681 sed
905 617 1043 698 redimi3
1067 616 1197 682 hostem
1212 617 1328 701 pretio,

192 742 197 751 ·
236 742 303 789 nou
317 720 430 799 aruns,
451 715 659 785 submoveri?
700 717 732 781 7.
755 716 823 782 His
836 718 979 783 uocibus
993 736 1105 799 regern
1118 736 1142 781 a
1153 716 1329 782 Tisaieme

238 824 417 889 alienatum
429 820 591 896 hortatur,
615 820 677 881 ‘ut
687 818 731 881 ·iu
752 817 866 882 locum
881 816 956 901 ejus
970 818 1102 883 naualis
1116 818 1195 885 belli
1208 817 1330 883 ducem

237 924 340 1005 eligat
365 921 501 988 coucam
519 918 767 997 Atheniensem,
787 919 857 1002 qni,
882 919 1008 985 amissa
1020 919 1113 985 bello
1125 920 1246 1003 patrio,
1261 917 1330 1002 (iy-

239 1024 293 1108 pri
318 1022 495 1090 exulabat:
516 1020 548 1085 8.
571 1020 698 1103 quippe
722 1017 994 1099 Atheniensibus,
1014 1020 1079 1086 etsi
1099 1020 1214 1085 stactae
1241 1017 1329 1085 siut⁶

239 1133 348 1207 opes‚⁷
376 1140 507 1187 manera
530 1126 641 1185 tamen
664 1119 815 1185 usumin
837 1138 950 1199 usum,
964 1139 1036 1201 uec,
1055 1120 1087 1186 si
1099 1119 1271 1203 eligendae
1285 1120 1331 1183 sit

238 1244 284 1290 ea
310 1223 485 1300 universis,
510 1220 676 1285 meliorem
705 1218 810 1283 alium
838 1217 935 1283 csse!
976 1219 1008 1284 9.
1038 1218 1202 1302 Acceptis
1230 1219 1329 1301 igitur

238 1325 419 1409 quingentis
432 1322 576 1399 olentis,
587 1321 704 1406 jussus
718 1326 768 1385 est
781 1318 923 1385 Conona
936 1320 1038 1385 classi
1053 1318 1231 1401 praeficere

281 1426 370 1492 Cea.
388 1441 428 1489 ιι.
450 1423 483 1489 l.
507 1423 575 1487 His
603 1422 759 1504 coguitis,
782 1421 1032 1508 Lacedaemonii
1060 1425 1095 1485 et
1111 1420 1180 1504 ipsi
1202 1439 1226 1484 a
1252 1438 1329 1503 rege

238 1527 378 1610 AEgypti
393 1522 622 1607 Hercyuione·
645 1523 790 1589 auxilia¹
814 1522 946 1587 navalis
959 1522 1039 1587 belli
1054 1541 1112 1604 per
1125 1522 1251 1603 legatos
1268 1539 1328 1603 pe·

237 1627 511 1709 turmaeque
534 1630 668 1687 centum
691 1623 848 1701 triremes,
871 1629 906 1686 et
929 1627 1086 1687 sexoema
1109 1620 1233 1686 milliaf
1259 1640 1328 1687 mo·

237 1730 383 1793 diorum²
408 1724 563 1790 frumenti
584 1724 708 1789 missa:
733 1741 755 1787 a
778 1722 899 1787 ceteris
921 1742 1051 1807 quoque
1066 1724 1169 1787 sociis
1183 1722 1328 1806 iugentia

237 1829 365 1893 auxilia
379 1833 551 1892 conuecto
565 1833 652 1891 snut.
695 1824 727 1889 3.
749 1824 818 1889 Sed
839 1829 938 1889 muto·
951 1824 1123 1901 exercitui,
1148 1830 1186 1887 et
1212 1830 1329 1888 centua

236 1937 363 1995 tautum
377 1927 508 2004 ducem,
529 1925 643 1989 deerat
657 1925 775 2009 diguus
795 1926 984 2009 imperator.
1025 1927 1058 1989 4.
1079 1923 1201 2007 Itaque
1213 1928 1332 2008 postu,

235 2028 379 2093 lantibus
394 2027 517 2091 sociis⁸
530 2024 725 2109 Agesilaum
744 2026 874 2105 ducem,
888 2045 1000 2108 regem
1014 2032 1093 2090 tnnc
1108 2025 1328 2091 Lacedaemo·

235 2129 373 2207 ntorum,
384 2135 515 2213 propter
528 2136 705 2211 respousa3
722 2128 852 2193 oraculi
866 2127 1025 2209 Delphici
1035 2127 1093 2191 din
1109 2126 1325 2191 Lacedaemo·

235 2229 294 2307 nii,
331 2248 373 2295 au
398 2249 475 2294 eum
501 2248 639 2295 summae
668 2230 715 2294 rei
748 2234 992 2313 praeponerent,
1027 2222 1328 2292 deliberaremus*

693 2382 875 2406 m

234 2467 360 2518 dimicans
369 2466 466 2518 cecidit
474 2465 491 2516 ε’
503 2466 548 2516 nbi
557 2467 756 2530 ploraererupla
847 2467 894 2516 rsit
904 2466 1003 2517 Duker.
1018 2466 1133 2516 zonam
1143 2479 1170 2519 x.
1183 2465 1324 2518 amatas.

228 2529 263 2582 '0
279 2549 307 2579 τε
322 2530 368 2593 γὰρ
383 2530 496 2585 βασιλεὺς
509 2531 600 2579 ἐκείνων
616 2529 734 2594 [lldpflav]
751 2531 765 2580 6
835 2548 886 2594 opos
900 2532 968 2592 2er
976 2530 1072 2593 natue
1082 2529 1160 2581 hene.
1183 2531 1230 2579 vtr
1247 2530 1254 2542 ⁶
1285 2543 1327 2580 tx.

234 2593 292 2643 AEn.
302 2597 359 2643 m.
384 2597 392 2622 ‘
405 2593 522 2644 Statinae
533 2595 626 2643 relicta
634 2594 696 2659 Ipse
707 2608 793 2644 comes
811 2595 874 2643 Niso
889 2595 1015 2659 graditur,
1025 2609 1162 2659 regemque
1173 2607 1236 2659 reqn
1247 2594 1327 2645 rant!

234 2657 284 2706 Ubi
295 2658 367 2706 Serv.
378 2664 468 2706 notat:
485 2657 508 2685 ‘⁸
521 2657 669 2722 Regemqne
679 2658 829 2722 requirunt,'
839 2660 907 2722 regis
918 2658 1009 2721 tiliam,
1017 2665 1061 2709 ut:
1077 2659 1217 2722 ‘Magnum
1228 2659 1325 2722 reginae

233 2719 279 2768 sed
290 2721 356 2770 enim
367 2721 503 2770 miseratus
514 2720 661 2772 amoram.'’
683 2721 781 2784 Regem
793 2728 821 2770 et
832 2723 898 2786 regis
906 2722 973 2772 filius
982 2737 1050 2785 reges
1059 2724 1176 2788 appellat
1191 2723 1248 2772 liv.
1259 2736 1290 2773 11.
1300 2725 1325 2772 8.

233 2784 343 2846 ‘Legati
354 2783 387 2832 ab
399 2784 502 2846 regibus
510 2783 719 2848 superveniunt?
731 2792 758 2834 et
765 2788 790 2833 9.
808 2786 851 2836 ‘N
854 2799 903 2835 nne
910 2787 1050 2837 monebant
1059 2789 1149 2851 etiam,
1156 2799 1190 2834 ue
1200 2787 1326 2838 orientem

233 2859 330 2896 morem
342 2847 456 2911 pellendi
467 2861 542 2914 reges
553 2847 770 2898 inultomsineret
780 2847 797 2898 :'
814 2857 842 2898 et
852 2850 953 2900 livium
961 2851 1078 2900 imitatur
1087 2852 1148 2901 den.
1159 2851 1255 2900 Oetes.
1266 2854 1324 2901 29⁴.

231 2911 295 2960 ‘liti
307 2925 381 2974 reges
393 2911 441 2960 hac
454 2913 610 2975 expulerunt
627 2910 699 2960 Urbe
715 2911 853 2974 superbor3
869 2914 969 2979 ultique
985 2922 1042 2964 tuos
1060 2915 1126 2965 dant
1143 2914 1210 2964 bene
1227 2927 1327 2976 manes,

233 2974 315 3038 vtrgo,
326 2973 418 3024 dextra
428 2974 503 3024 Casa
518 2975 633 3038 parentis
642 2974 659 3026 ι’
676 2982 704 3024 et
713 2975 811 3026 Troad.
823 2980 879 3027 tas.
894 2979 963 3041 regis
974 2977 1041 3028 tilios
1051 2991 1119 3041 reges
1133 2985 1225 3029 vocat:
1242 2978 1326 3027 ‘Post

232 3038 313 3087 elatos
327 3038 441 3088 Hecuba
452 3045 551 3101 partas,
562 3052 589 3087 ra
609 3053 703 3104 nmque
720 3051 834 3104 gregem,
850 3040 987 3091 Postrema
1001 3050 1078 3154 pater
1088 3042 1180 3092 funera
1190 3041 1325 3092 clodis.'—

232 3107 249 3151 tl
265 3101 348 3151 Bech.
358 3103 423 3151 Van.
435 3103 502 3152 Flos.
513 3103 586 3152 Med.
622 3117 658 3154 ar.
668 3101 729 3152 Ald.
739 3102 812 3154 lunt.
822 3109 936 3154 κιαι-7
954 3105 1002 3155 Col
1013 3139 1022 3156 .
1033 3107 1069 3156 ht.
1080 3105 1130 3156 siat
1140 3120 1178 3156 res
1187 3111 1211 3156 et
1221 3121 1259 3170 op.

267 3170 279 3213 1
299 3163 371 3213 Leid.
384 3170 408 3214 1.
420 3167 478 3228 AEg.
488 3181 544 3215 m.
561 3165 628 3216 Otto
642 3165 814 3229 Frisingensls
825 3181 845 3218 ι.
857 3167 950 3219 curun.
964 3173 1006 3220 2².
1025 3169 1125 3220 ‘Porro
1134 3168 1327 3220 Lacedaernonti

233 3225 267 3276 ab
282 3227 421 3280 lienulone
432 3229 537 3293 AEgypti
550 3243 611 3292 rege
629 3231 714 3294 petito
731 3236 760 3280 et
779 3239 890 3296 accepto
902 3232 1005 3296 auxilio,
1020 3234 1199 3298 sociorumque
1211 3233 1272 3283 undl
1292 3248 1324 3282 ue

232 3292 373 3339 contractis
381 3291 474 3355 copiis,
485 3293 579 3341 bellurn
590 3300 691 3357 parant,
699 3292 901 3359 Agesilaumque
912 3297 980 3361 pede
990 3298 1118 3361 claudam,
1129 3296 1175 3346 sed
1186 3311 1262 3346 manu
1270 3248 1324 3346 for-

134 3390 139 3400 .
232 3357 294 3416 tenu,
305 3352 397 3403 ducem
412 3352 462 3406 stbt
478 3355 637 3408 creanti-2
654 3357 916 3410 hredmonat.
934 3359 996 3411 Ald.
1013 3361 1088 3414 dunt.
1104 3360 1263 3415 enisa-s
1279 3359 1324 3412 stc

725 3509 831 3564 NO’I'AE

232 3621 310 3684 gitur,
319 3619 420 3683 polim
437 3617 506 3683 qnod
519 3619 613 3670 Plauto
623 3619 757 3674 tantltsre.
797 3630 825 3674 et
840 3639 890 3689 pro
908 3639 941 3678 so
958 3628 993 3680 sd
1012 3629 1093 3681 socias
1114 3629 1184 3682 Asia
1202 3629 1321 3680 civitates

263 3693 450 3759 stimme]
467 3694 527 3744 Non
538 3695 572 3744 ab
582 3695 756 3761 Hercynioue,
797 3700 946 3765 scripserat.

231 3771 305 3821 seda
324 3770 455 3835 Nephrseo
475 3769 560 3833 petita
577 3771 673 3822 auxilia
691 3773 757 3824 dicit
828 3774 1065 3842 homimem]
1089 3779 1271 3842 Noatantuar,
1288 3793 1325 3830 an

231 3845 309 3896 Diod.
795 3851 868 3902 titum
886 3851 1050 3917 praeficerent
1065 3855 1159 3918 copiis,
1177 3854 1325 3918 Menan,

265 3918 406 3970 ‘Sescenta
416 3919 503 3984 mitio]
530 3919 589 3972 Hoc
600 3919 757 3974 framentum
796 3939 830 3976 au
840 3940 926 3989 regem
935 3927 1079 3991 eligerent,
1096 3928 1277 3980 monuoeuisn
1287 3929 1327 3979 A.

231 3995 264 4046 ad
276 3995 389 4060 cyprum
400 3993 516 4046 delatum
524 4003 575 4060 est,
595 4012 653 4062 quse
664 4000 697 4049 ad
710 3999 757 4049 Co·
797 3998 857 4063 gide
866 4000 980 4064 Agesilai
991 4001 1085 4067 intre,
1104 4003 1267 4069 leotychldl,
1276 4005 1321 4068 qut

231 4082 324 4120 nonem
335 4070 416 4120 inscio
428 4070 552 4137 AEgyptio
563 4072 707 4125 deiecerat.
797 4073 932 4148 Agidistit.
943 4076 1086 4141 dicebatur,
1097 4077 1221 4130 favebant
1230 4081 1326 4140 multia

263 4144 468 4196 ‘Postuloatittss
485 4147 566 4209 neiis]
598 4147 687 4212 Opera
707 4149 757 4212 Ly·
797 4149 867 4212 quod
885 4158 914 4201 et
929 4152 1037 4202 claudus
1053 4161 1123 4204 esset
1133 4153 1278 4219 Agesilaus,
1293 4162 1323 4204 et

230 4215 326 4280 sandri,
344 4219 388 4281 qui
398 4221 499 4284 Sparte
510 4221 629 4284 Agesilae
641 4219 756 4285 favebat,
796 4223 926 4290 Apollinis
938 4227 1112 4292 prohibuisset
1132 4231 1271 4293 cuculae,
1288 4243 1325 4284 m
