3084 4900
569 395 643 444 urs.
667 393 780 443 xxvr.
804 394 885 443 orn.
907 380 940 443 1.
1236 380 1303 449 877
1386 368 1392 385 ’

213 538 330 607 omnes
359 545 517 607 auctores
535 539 627 605 t'snra
647 543 711 617 est,
731 537 858 605 nullum
880 556 941 605 nec
963 538 1037 622 ejus
1051 556 1114 605 nec
1127 540 1308 623 superioris

213 643 328 709 aetstis
346 662 455 727 regem
469 641 726 725 comparandum
740 640 890 725 Pyrrbol
916 641 1040 722 luisss;
1062 660 1217 725 raroque,
1239 662 1308 709 non

210 745 296 810 inter
320 764 412 827 reges
433 749 574 822 tantum,
599 762 714 809 verum
738 744 838 808 etism
861 743 946 810 inter
966 744 1111 809 illustres
1126 744 1229 823 siros,
1249 750 1309 811 aut

88 828 103 847 ⁸
209 846 291 913 vites
324 847 501 911 sanctioris
534 852 595 910 aut
624 844 766 930 justitia
804 846 1004 928 probatioris
1031 845 1142 911 visum
1177 846 1306 913 fuisses

208 948 241 1013 4.
263 949 438 1029 scientiam
451 954 541 1013 certe
555 949 602 1013 rei
615 947 769 1012 militaris
785 948 821 1011 in
834 948 895 1013 illo
907 949 980 1014 viro
995 952 1119 1013 anam
1132 947 1248 1028 luisse,
1270 954 1308 1015 ut

209 1068 287 1116 cunr
314 1050 527 1135 Lysimacho,
549 1050 733 1128 Demetrio,
747 1048 928 1132 Antigono,
946 1048 1047 1115 tontis
1067 1050 1202 1132 regibus
1215 1050 1306 1116 bella

208 1170 340 1233 gerens,
367 1153 516 1218 invictus
540 1170 671 1236 semper
691 1153 811 1217 fuerit:
833 1154 865 1217 5.
886 1151 1075 1235 Illyriorum
1089 1170 1235 1236 qnoque,
1251 1152 1306 1217 si-

208 1252 369 1332 culorum,
385 1253 679 1338 Romanorumque
704 1260 741 1319 et
761 1253 1087 1338 Carthaginiensium
1107 1254 1204 1319 hellis
1222 1272 1305 1318 nnn-

206 1372 308 1437 quam
334 1354 492 1435 interior:
511 1356 711 1438 plerumque
734 1356 836 1422 etiarn
859 1357 979 1435 victor,
1007 1357 1169 1421 extiterit:
1191 1356 1223 1421 6.
1244 1356 1304 1439 qni

205 1456 351 1537 patriam
378 1462 469 1521 certo
490 1474 586 1520 suern
607 1455 786 1539 'angustam
808 1457 1071 1541 ignobilemque,
1091 1457 1182 1522 tama
1194 1476 1303 1521 rernm

205 1560 389 1637 gestsrnm⁵
410 1563 445 1623 et
466 1557 617 1624 claritate
634 1559 778 1624 nominis
791 1560 858 1639 sui,
874 1566 948 1625 toto
962 1561 1043 1625 orbe
1054 1559 1213 1625 illustrem
1226 1557 1302 1623 red-

205 1654 333 1723 diderit
622 1686 626 1691 ·

203 1873 287 1919 tum
297 1868 534 1933 carenum-s
549 1870 659 1920 rusus.
669 1873 910 1933 amnem·
920 1886 972 1919 aa·
982 1888 1004 1919 r.
1014 1873 1074 1932 ω.

701 2014 806 2064 NO'I'AE

232 2130 243 2164 2
261 2124 449 2185 cmm
459 2122 564 2189 Pyrrhe]
581 2123 730 2175 Alcanore
802 2126 958 2190 *Nsrqsosr
975 2125 1087 2193 Marios]
1109 2127 1195 2179 Semel
1214 2143 1230 2177 s
1248 2128 1301 2181 Ro·

200 2198 307 2265 primas,
315 2199 416 2261 Pyrrho
424 2198 561 2263 emundas,
569 2199 621 2250 riht
630 2200 729 2263 tertias,
769 2202 862 2266 menis,
887 2205 966 2255 semel
994 2220 1009 2254 s
1036 2204 1298 2271 Carthaginiensibus,

200 2274 283 2401 grim
292 2273 435 2339 lisnmbal,
451 2274 492 2326 ati
510 2282 619 2329 nutent
632 2276 688 2339 ru.
701 2284 730 2327 ot
768 2278 853 2329 rietus
863 2282 914 2344 er‘t,
925 2279 1082 2333 utdlxtmns.

236 2356 274 2401 tlt.

548 2575 943 2590 ’Μ

571 2829 738 2944 runnu
767 2829 924 2906 xxvr.

533 3061 766 3114 nnnvlamnbt
784 3062 959 3116 cnnlwlr.

238 3243 270 3307 1.
297 3223 551 3325 Peloponnesii
570 3259 631 3324 per
659 3237 880 3322 proditionem
908 3238 1093 3324 Antigono·
1111 3241 1290 3314 traduntur.

194 3339 1290 3428 AristotimustyrnnnusEpirotssaffligit,etHcllaniciprndcntia

192 3445 403 3528 opprimitur.
446 3444 479 3509 2.
501 3442 688 3527 Antigonus
701 3442 814 3508 Gallis
829 3445 985 3524 occurrit,
1002 3445 1073 3530 qui,
1095 3448 1129 3510 in
1143 3446 1288 3512 furorem

190 3547 290 3625 versi,
311 3546 469 3631 conjuges
494 3551 530 3610 et
552 3545 677 3610 liberos
698 3563 778 3609 suos
800 3546 988 3613 tnrcidant:
1011 3545 1129 3614 deinde
1144 3549 1289 3614 numinis

61 3705 66 3714 ,
190 3645 342 3713 vindicte
370 3665 485 3712 omnes
509 3647 733 3712 internecione
769 3646 930 3714 delentur.
974 3646 1135 3732 Antigoni
1163 3651 1287 3714 bellurn

190 3765 268 3812 cnm
283 3745 552 3813 Atheniensibus.
586 3748 620 3813 8.
634 3745 839 3826 Alexander,
854 3746 972 3832 Pyrrhi
986 3749 1087 3829 filius,
1103 3749 1138 3814 in
1150 3768 1285 3833 regnum

190 3849 385 3915 restituitur.
429 3847 540 3933 Regni
553 3847 755 3934 Cyrenarum
775 3849 984 3916 turbulentus
999 3856 1116 3920 status.

206 4140 322 4248 torn.
347 4159 372 4208 r.
415 4141 447 4205 1.
470 4140 556 4207 Post
568 4148 704 4213 mortem
725 4140 846 4226 Pyrrhi
859 4159 925 4206 non
939 4141 973 4206 in
988 4139 1189 4208 Macedonia
1210 4147 1283 4210 tsn-

186 4246 269 4323 turn,
296 4261 413 4308 vorum
440 4243 541 4308 etiarn
567 4245 603 4312 in
632 4243 721 4312 Asis
747 4245 961 4329 Graeciaque,
982 4243 1092 4329 magni
1121 4243 1283 4312 bellorum
