3084 4900
238 363 304 430 268
706 379 858 429 susurru

119 505 123 510 ’
238 521 408 604 Antigono
417 521 578 606 oppositi,
590 520 727 585 virtutes
739 527 775 583 et
786 520 944 603 praeclare
959 525 1063 602 gesta.
1106 523 1140 589 4.
1156 520 1328 604 Antigono

238 641 343 689 novus
363 623 474 688 hostis
496 621 630 688 accedit
653 621 834 704 Seleucus3
856 622 953 706 cujus
976 624 1067 706 origo
1091 631 1127 688 et
1147 644 1202 689 res
1224 629 1328 707 gestia

240 725 465 810 subjiciuntur.
509 723 700 808 Antigonus
714 725 749 788 in
764 723 882 807 praelio
896 724 1076 790 occumbit.

282 1136 372 1201 Cris.
388 1149 412 1196 1.
456 1133 488 1196 1.
509 1132 677 1199 Perdicca
690 1139 723 1199 et
733 1134 833 1198 fratre
843 1133 942 1217 ejus,¹
959 1131 1106 1197 Eumene
1118 1151 1159 1196 ac
1171 1131 1330 1216 Polyper-

238 1238 385 1314 chonte:
397 1235 581 1318 ceterisque
594 1234 738 1302 ducibus
751 1231 891 1300 diversae
906 1233 1022 1319 pertis,
1045 1234 1179 1311 occisis,
1202 1233 1329 1298 finitum

239 1343 408 1403 certamen
428 1337 513 1400 iuter
543 1355 757 1401 successores
788 1335 972 1401 Alexandri
1003 1334 1118 1416 Magni
1140 1333 1333 1414 videbatur;

238 1459 314 1504 cum
336 1443 470 1520 repente
491 1438 578 1502 iuter
599 1439 693 1521 ipsos
715 1439 859 1503 victores
884 1444 962 1503 nata
987 1435 1155 1501 discordia
1178 1443 1270 1502 estzt
1301 1436 1332 1500 2.

237 1540 363 1623 quippe
371 1540 620 1622 postulantibus
628 1540 816 1604 Ptolemaeo
826 1546 859 1605 et
868 1537 1061 1604 Cassandro
1074 1544 1110 1602 et
1119 1537 1332 1621 Lysimacho,

239 1643 300 1704 ‘nt
320 1641 465 1723 pecnnia
486 1641 520 1705 in
541 1641 660 1724 proeda
680 1645 782 1724 capto
804 1639 1051 1724 provinciaque
1076 1636 1300 1702 dividerentur
1312 1635 1332 1716 ;’

238 1738 424 1824 Antigonus
439 1743 581 1825 negavit,
605 1747 616 1777 ‘
633 1761 670 1806 se
684 1743 717 1806 iu
740 1742 813 1826 ejus
826 1742 905 1806 belli
926 1741 1066 1824 praemia
1080 1741 1195 1804 socios
1208 1736 1333 1802 admis-

238 1861 361 1918 surum,
383 1841 419 1904 in
432 1841 528 1924 cujus
551 1842 760 1924 periculum²
777 1842 872 1906 solus
887 1839 1118 1906 descenderit.’
1161 1839 1193 1904 3.
1216 1838 1270 1916 Et,
1293 1844 1332 1903 ut

237 1942 407 2006 honestum
419 1941 577 2006 adversus
588 1943 701 2006 socios
715 1943 838 2007 bellum
849 1942 1024 2025 suscipere
1037 1941 1210 2016 videretur,
1222 1938 1333 2003 dirui·

239 2045 306 2124 gat,
326 2045 337 2075 ‘
352 2060 390 2104 se
405 2039 616 2124 Olympiadis
631 2048 768 2106 mortem
781 2061 803 2106 a
815 2042 1005 2108 Cassandro
1020 2042 1199 2107 interiectae
1213 2039 1333 2104 ulcisci

239 2141 339 2217 velle,
361 2147 393 2205 et
413 2140 601 2206 Alexandri
622 2145 711 2225 regis
734 2145 790 2208 sui
811 2143 916 2210 lilium
938 2164 1015 2209 oum
1035 2151 1139 2210 matre
1161 2142 1334 2208 obsidione

238 2242 519 2325 Amphipolituna
540 2242 699 2308 liberare:
751 2246 783 2308 4.
807 2245 875 2308 His
897 2246 1051 2328 cognitis,
1076 2244 1276 2310 Ptolemaeus
1299 2250 1335 2308 et

240 2343 439 2422 Cassander,
455 2343 540 2408 inita
554 2364 630 2409 cum
644 2345 848 2428 Lysimacho
862 2353 897 2410 et
912 2346 1054 2410 Seleuco
1070 2345 1241 2421 societate,
1265 2343 1336 2408 bel·

239 2446 309 2510 lum
324 2446 568 2529 terramurique
580 2448 679 2512 enixe
694 2450 870 2514 instruunt.
913 2447 947 2512 5.
968 2447 1121 2511 Tenebat
1133 2443 1335 2509 Ptolemaens

239 2548 423 2628 AEgyptum
438 2565 514 2609 cum
527 2544 655 2612 Atricae
670 2557 767 2632 parte
782 2548 911 2632 maiore
926 2553 960 2612 et
973 2546 1085 2631 Cypro
1099 2553 1132 2612 et
1146 2542 1336 2610 Phoenice.b

240 2644 428 2711 Cassandro
442 2648 582 2730 parebat
609 2648 813 2714 Macedonia
835 2669 912 2713 cnm
927 2648 1072 2714 Graecia.
1114 2650 1147 2712 6.
1170 2646 1288 2711 Asiam
1302 2653 1335 2710 et

239 2750 369 2830 partes³
386 2745 532 2811 Orientis
548 2754 772 2831 occupaverat
787 2750 984 2830 Antigonus,
994 2749 1092 2833 cnjus
1103 2748 1194 2813 filins
1209 2748 1335 2813 Deme·

204 2897 207 2902 <
238 2848 322 2912 trius
336 2847 445 2931 prima
459 2848 541 2912 belli
555 2851 789 2932 congressione
804 2871 825 2916 a
839 2850 1024 2916 Ptolemaeo
1040 2850 1129 2933 apud
1142 2848 1336 2913 Gamalame

273 3076 287 3122 l
304 3072 378 3123 dene.
388 3073 469 3124 Bech.
481 3074 548 3123 Ven.
558 3074 627 3125 Flcr.
639 3074 712 3125 Med.
728 3075 790 3124 Per.
801 3073 862 3125 Ald.
873 3074 946 3127 dunt.
957 3074 1056 3127 addunt
1065 3076 1207 3127 Ateste—2
1224 3074 1288 3127 Coll.
1299 3075 1335 3124 N.

238 3137 352 3200 peimi«,
362 3152 409 3187 nec
419 3138 543 3188 melu-a
560 3138 603 3189 ltu
614 3140 679 3189 Mes.
691 3138 842 3200 Fnldenres,
853 3140 947 3204 quibus
958 3138 1087 3189 secedunt
1098 3141 1179 3204 Magi.
1191 3139 1263 3189 Leid.
1276 3144 1299 3187 1.
1310 3143 1335 3189 l.

238 3200 1335 3329 titiuwlritttituiiiilml‘tl‘1'¹¹⁸2t*‘til¹¹”⁶⁰“filii²³·
1379 3222 1386 3237 '

636 3282 658 3315 ff
686 3300 693 3315 ο
747 3299 754 3315 e
794 3282 810 3317 fl
853 3281 900 3317 nur
945 3304 952 3318 ο
1109 3286 1134 3316 ΕΙ
1185 3284 1201 3314 Τ
1292 3282 1337 3323 η,

273 3715 285 3743 ·
303 3706 495 3772 Polyperchonte]
521 3710 600 3759 Erret
616 3710 715 3761 durtin.
725 3712 770 3763 diu
810 3713 875 3764 duas
885 3715 966 3764 divisa
977 3715 1004 3765 in
1016 3719 1118 3779 parim
1134 3728 1194 3777 ons,
1204 3713 1337 3765 Pnoenicis

240 3784 309 3834 enirn
320 3792 452 3847 superstes
462 3782 524 3847 tuit,
540 3798 650 3851 eumque
659 3785 770 3852 Antigo·
810 3789 923 3854 proprh‚
934 3790 977 3840 ubl
987 3790 1101 3853 Tripolis
1109 3797 1136 3840 et
1145 3790 1223 3839 Sidou
1234 3807 1242 3851 ;
1254 3790 1337 3841 ultore

241 3876 289 3911 nus
307 3860 346 3909 Μ.
363 3860 467 3910 talentis
483 3859 516 3910 ad
527 3875 586 3911 suae
598 3871 688 3926 partes
700 3871 769 3913 trux·
810 3862 943 3914 Plroenieiu
956 3864 1047 3914 Libani
1058 3864 1205 3930 dicebatur,
1223 3865 1267 3917 ubi
1283 3865 1337 3916 Da·

240 3941 316 3985 ent:
333 3934 378 3984 sed
388 3943 479 3999 postea
490 3936 557 3987 lilius
568 3936 664 4001 hortea
680 3939 767 3989 occiso
809 3951 924 3987 musone.

239 4010 367 4073 Hercule,
378 4017 483 4061 secutus
491 4018 541 4062 eet.
840 4012 993 4063 ‘dmum
1018 4014 1170 4079 [Golamnor]
1195 4018 1266 4081 Lege
1286 4018 1336 4067 Gn·

272 4085 466 4139 imitatio.
478 4088 618 4139 omine
628 4089 766 4141 uultu.
806 4102 867 4150 soar,
888 4093 918 4137 ut
936 4089 1033 4139 habent
1048 4090 1127 4140 Diod.
1146 4092 1219 4141 Plnt.
1236 4100 1264 4143 et
1283 4092 1337 4157 Ap·

239 4158 304 4210 Ant.
316 4161 364 4210 Ch.
372 4164 429 4211 m.
807 4163 878 4226 pinu.
897 4165 939 4213 vel
956 4164 1089 4231 Garanum,
1106 4181 1163 4233 qua
1183 4167 1275 4220 ciritae
1293 4174 1335 4218 est

272 4230 285 4267 δ
300 4234 422 4299 Pioniae]
453 4237 520 4288 Pm
535 4237 618 4302 syrte
628 4238 766 4300 neritinus,
808 4238 887 4289 Gaze
898 4239 1022 4303 proxima.
