3084 4900
612 395 818 446 usurario.
1215 377 1259 448 19

160 541 326 626 Pompeio
341 541 493 624 quatuor
510 545 544 606 et
558 542 689 625 biginta
703 543 781 624 (lag.
796 542 1022 630 quadraginta)
1041 541 1256 626 opithomatis

169 645 320 710 collecta.

206 743 303 808 Lucii
321 742 411 808 Flori
425 742 640 826 Epithomata
660 751 806 829 quatuor
828 765 929 830 quarn
945 745 1129 811 cultissima
1142 747 1178 810 in
1198 747 1257 812 dc·
1368 785 1371 793 ·

168 865 239 910 cem
252 843 326 908 Titi
341 843 430 910 Lirii
445 845 602 911 decadas.

210 947 313 1012 Sexti
324 945 416 1014 Ruffi
430 945 623 1012 Consularis
637 949 700 1012 viri
716 949 760 1012 ad
779 947 1044 1012 Valentinianum
1066 945 1265 1032 Augustum.

169 1045 211 1112 de
226 1047 378 1112 Historia
392 1047 545 1112 Romana
558 1067 645 1132 opus
661 1049 905 1132 dignissimum.

213 1147 331 1213 Nerva
345 1148 510 1213 Cocceius
536 1169 577 1214 ex
603 1151 712 1216 Diona
726 1149 851 1216 Graeco
874 1171 936 1234 per
955 1149 1138 1234 Georgium
1151 1150 1267 1217 Meru-

169 1251 238 1314 lam
262 1247 537 1314 Alexandrinum.
579 1251 743 1337 Traianus
765 1251 881 1316 Narra
902 1270 946 1318 ex
967 1253 1078 1318 Dione
1100 1271 1160 1336 per
1183 1273 1263 1319 euu-

170 1351 245 1414 dsm
262 1349 433 1414 Merulam.
477 1347 643 1416 Adrianus
656 1369 701 1416 ex
717 1351 827 1416 Dione
840 1351 973 1418 Groeco.

216 1449 440 1534 Conflagratio
455 1450 592 1518 Vcsaeri
613 1455 735 1517 montis
758 1471 802 1517 ex
826 1453 935 1518 Dione
955 1471 1016 1538 per
1035 1451 1264 1538 supradictum

172 1551 350 1616 Merulam.

216 1653 257 1718 P.
270 1652 418 1739 Yictoris
433 1655 475 1719 de
489 1651 694 1736 Regionibus
709 1656 801 1720 urbis
815 1653 934 1720 Romae
946 1655 1082 1721 libellus
1096 1657 1235 1722 unicus?

216 1755 373 1838 Sequitur
383 1755 506 1820 lilium
521 1755 663 1833 rnbmm,
684 1775 729 1820 cx
745 1775 815 1840 qno
835 1755 1010 1821 manifesto
1024 1765 1167 1841 apparet
1179 1757 1272 1822 bano

171 1859 350 1923 editionem
364 1875 525 1923 excusam
536 1856 641 1921 inisse
655 1857 829 1922 Florentius
840 1859 873 1922 ia
887 1858 1107 1944 typographia
1118 1859 1268 1944 l’lrilippi

171 1959 297 2026 Juntae.
334 1956 572 2024 ¹Prrasutiouem
598 1957 676 2022 huic
704 1957 844 2023 editioni
871 1959 1032 2042 praemisit
1061 1960 1276 2044 Augustinus.

173 2059 357 2126 Becharins
373 2057 607 2124 Mortarionsis
623 2057 802 2136 Sacerdos,
815 2077 956 2142 maique
969 2058 1142 2143 inscripsit
1151 2060 1271 2126 Scara-

173 2163 288 2227 mntiae
303 2161 482 2237 Turullio,
507 2159 662 2224 Comensi
687 2159 870 2244 Episcopo.
912 2158 1045 2225 'litalus
1058 2167 1170 2226 autem
1184 2179 1271 2246 prte-

173 2263 310 2328 iationis
324 2261 347 2327 J
349 2261 452 2326 ustini
476 2260 659 2345 hujusmodi
677 2267 747 2326 est:
770 2267 781 2296 ‘
795 2260 819 2327 J
822 2260 924 2326 ustini
938 2259 1103 2326 Historici
1118 2259 1271 2326 Clarissi-

173 2367 218 2428 mi
233 2364 269 2426 in
283 2361 387 2443 Trogi
403 2359 558 2444 Pompeii
574 2359 746 2426 Historias
758 2361 941 2427 Exordium
951 2360 971 2427 :’
992 2368 1026 2427 et
1036 2361 1112 2426 libri
1124 2377 1148 2424 ι.
1169 2359 1271 2426 ‘Jus-

171 2466 231 2531 tini
263 2462 427 2528 ffistorici
450 2464 483 2525 iu
510 2458 665 2545 Pompeii
690 2462 794 2546 Trogi
821 2460 993 2527 Historias
1019 2462 1120 2529 Liber
1144 2463 1271 2546 primns

176 2563 315 2650 incipit’
351 2561 407 2627 Ad
421 2562 546 2626 calcem
560 2562 634 2626 libri
651 2578 756 2625 κων.
773 2562 924 2629 additor:
940 2561 1084 2629 ‘Justini
1099 2563 1271 2648 Hystorici

176 2666 372 2735 Clarissimiv
389 2664 424 2727 in
449 2662 551 2745 Trogi
577 2661 732 2747 Pompeii
760 2664 936 2749 Hystorias
962 2662 1063 2729 Liber
1090 2680 1219 2729 xntrn.
1240 2670 1277 2729 ot

175 2771 313 2836 ultimus
329 2765 483 2831 Feliciter
498 2762 649 2849 Explicit
658 2766 677 2831 ι’
698 2771 732 2830 et
744 2766 808 2831 fine
822 2766 924 2831 libelli
941 2768 981 2834 P.
992 2763 1159 2833 Victoris:
1182 2768 1273 2833 ‘lm-

175 2888 331 2953 prcssum
344 2866 409 2931 fuit
420 2864 483 2930 hoc
498 2884 584 2949 opus
596 2866 695 2931 Auno
712 2866 848 2931 Domini
866 2884 1018 2932 acccoo.
1040 2868 1174 2933 decium
1186 2886 1278 2933 nono·

177 2970 301 3035 Kalen.
324 2967 491 3051 Augusti!
534 2966 572 3031 Io
597 2967 661 3031 hac
682 2966 829 3032 editione
854 2969 1032 3051 supplstur
1045 2968 1176 3045 lacuna,
1197 2986 1273 3052 qum

175 3074 346 3158 plerisque
372 3068 636 3155 praecedentibus
663 3068 866 3133 aditionibus
890 3068 1086 3135 inusserat:
1110 3085 1134 3133 1.
1162 3068 1194 3135 8.
1221 3070 1275 3135 11.

177 3180 188 3209 ‘
204 3174 298 3239 Num
313 3171 446 3238 cmienti
461 3170 527 3235 sibi
542 3176 675 3237 scutum
697 3170 850 3235 labomm
871 3170 1052 3254 gloriaque
1071 3171 1201 3235 socium
1214 3189 1275 3235 cx·

178 3272 351 3341 osculatus
366 3280 419 3337 est
429 3270 449 3351 ;’
471 3272 604 3353 omissis
618 3278 699 3355 post
712 3288 830 3336 vocem
853 3271 1029 3337 ‘scutum’
1045 3272 1140 3338 bisce
1154 3272 1279 3346 verbis,
1412 3292 1417 3305 ¹

177 3374 392 3441 ‘ademisset
419 3374 544 3438 hostis:
577 3372 669 3457 quod
699 3372 742 3439 ut'
765 3379 932 3439 sensum
966 3374 1108 3453 audivit,
1139 3375 1276 3440 allatum

180 3478 292 3543 reiut!

223 3578 354 3657 Quarta
369 3576 501 3642 Veneto
525 3574 582 3640 iol.
605 3576 670 3639 hoc
692 3574 806 3641 titulo:
829 3572 980 3641 ‘lustini
993 3594 1036 3640 ex
1049 3573 1161 3660 Trogo
1175 3578 1277 3643 Pom·
1386 3655 1393 3669 ·

181 3682 256 3764 peio
273 3678 439 3745 Historim
455 3696 535 3741 cum
544 3676 656 3739 multis
669 3675 944 3741 memorabilibus
957 3677 991 3741 io
1004 3679 1162 3761 margine.
1204 3678 1277 3743 Ad·

180 3783 251 3847 dito
265 3784 404 3866 insuper
417 3778 548 3842 indice:
571 3796 640 3860 quo
668 3776 804 3842 facilins
831 3784 945 3843 notatu
973 3776 1114 3843 clariora
1139 3779 1277 3864 reperiri

179 3884 327 3969 possint:
350 3898 461 3965 nuper
481 3878 684 3944 emendatas·
727 3878 911 3963 Inscriptio
925 3878 1151 3962 praefationis:
1173 3878 1278 3944 ‘Jus-

179 3988 238 4050 tini
251 3981 424 4051 Historici
452 3978 627 4044 clarissimi
651 3980 685 4041 iu
708 3978 814 4061 Trogi
828 3978 973 4062 Pompei
988 3979 1158 4045 Historias
1171 3978 1281 4045 Exor-

178 4086 296 4154 ἄπιτ’
316 4084 398 4151 libri
417 4100 440 4147 ι.
465 4084 476 4115 ‘
497 4078 596 4145 Liber
617 4080 743 4163 primus
765 4081 890 4146 Justini
908 4080 1071 4146 Historici
1087 4083 1122 4145 in
1137 4078 1285 4168 Pompei·

176 4188 274 4273 Trogi
290 4184 475 4255 Historias
485 4180 505 4247 τ’
527 4186 560 4245 et
573 4181 648 4246 libri
661 4194 699 4245 11.
722 4186 732 4215 ‘
748 4181 874 4248 tustini
886 4179 1051 4248 Historici
1064 4182 1147 4263 liber
1160 4203 1286 4259 secuu-¹
