3084 4900
571 400 643 447 arn.
667 399 785 452 xxxi.
809 401 892 451 oar.
915 389 948 452 7.
1230 392 1295 458 421

247 540 336 606 cnr.
361 554 428 605 vu.
471 542 503 606 1.
537 541 604 607 Sed
633 540 790 607 adversus
820 543 1045 611 Hannibalem
1071 542 1188 613 ducem
1219 552 1296 634 qaia

201 641 319 705 melior
332 660 434 724 qnam
444 640 594 706 Africani
608 642 733 707 irater'
746 648 918 721 crearetur,
933 664 1006 709 cum
1021 646 1153 713 vincera
1168 648 1297 717 Poenos

203 761 291 825 opus
315 742 508 826 Scipionum
533 745 644 808 easett
687 744 720 808 2.
742 742 882 808 Greatur
905 745 1006 826 igitur
1030 747 1147 813 consul
1171 749 1297 818 Lucina

203 841 339 927 Scipio:
361 844 462 927 eique
486 843 584 908 datur
605 844 734 927 legatus
757 844 876 909 frater¹
899 844 1095 931 Africanns3
1117 856 1155 914 ut
1179 851 1298 916 intelli·

202 950 294 1026 geret
306 943 505 1023 Antiochus,
529 965 596 1010 non
619 946 779 1029 majorem
804 946 963 1012 fiduciam
990 968 1027 1013 se
1051 950 1087 1014 in
1103 948 1297 1017 Hannibale

201 1045 304 1124 victo,
316 1065 414 1130 qnam
426 1046 600 1112 Romanos
613 1047 649 1110 in
663 1048 790 1113 victore
803 1048 961 1132 Scipione
974 1050 1122 1115 habere·
1163 1053 1196 1117 3.
1211 1053 1297 1118 Tra·

197 1145 395 1227 jioicntibne
408 1149 442 1211 in
453 1147 572 1213 Asiam
584 1148 805 1232 Scipionibus
814 1151 1007 1228 exercitum,
1018 1151 1090 1235 J'em
1101 1152 1298 1237 utrobiquet

200 1246 413 1330 profligatum
433 1248 558 1315 bellum
579 1252 763 1315 nuntiatum
784 1257 854 1331 θεῖς
882 1250 1073 1335 victumque
1093 1252 1296 1319 Antiochum

201 1350 360 1427 terrestri,
377 1348 603 1416 Hannibalem
626 1352 737 1417 navali
751 1351 842 1416 bello
866 1352 1086 1417 invenerunt·
1128 1356 1160 1418 4.
1183 1355 1296 1421 Primo

202 1445 303 1529 igitur
317 1448 461 1515 adventu
475 1472 603 1529 eornm,
625 1446 753 1534 legatos
774 1472 892 1535 pacem
907 1458 1073 1535 petentes¹
1094 1454 1138 1519 ad
1150 1475 1211 1520 eos
1225 1454 1297 1519 An·

203 1547 335 1615 tiochns
356 1553 472 1631 mittit,
498 1554 667 1637 peculiare
691 1553 813 1618 donum
835 1550 997 1617 Africano
1019 1552 1160 1617 serentes
1186 1556 1298 1638 ipsius

202 1650 354 1730 titium,¹⁸
373 1674 474 1737 quem
487 1673 664 1737 rexparvo
684 1654 819 1735 navigio
838 1652 1057 1736 trajicientenr
1079 1659 1223 1736 ceperat.
1266 1656 1298 1719 5.

203 1751 271 1815 Sed
287 1752 480 1835 Africanus,
496 1761 507 1790 ‘
521 1757 651 1839 privata
662 1754 825 1819 beneficia
838 1774 860 1818 a
873 1754 975 1818 rebus
989 1752 1135 1837 publicis
1151 1761 1298 1819 secreta²

202 1852 290 1918 esse’
308 1856 434 1937 dixit;³·
463 1856 620 1939 ‘aliaque
633 1874 709 1920 esee
721 1855 829 1937 patria
842 1852 965 1931 officia,
992 1854 1060 1918 aiio
1071 1854 1191 1937 putriae
1208 1854 1298 1938 jura,

202 1974 278 2037 qnae
291 1976 358 2022 non
370 1958 482 2022 liberis
496 1962 633 2036 tantum,
647 1956 868 2023 verumetiam
879 1956 958 2020 vitae
972 1956 1041 2039 ipsi
1050 1961 1297 2039 praeponantur.

201 2057 233 2120 6.
257 2056 401 2123 Proinde
416 2065 543 2141 gratnm
554 2078 592 2123 ee
603 2076 725 2122 munna
739 2057 903 2140 accipere,
914 2056 1113 2138 privatoque
1127 2054 1297 2139 impendio

200 2158 437 2224 munificentiae
461 2162 546 2243 regis
569 2156 821 2242 responsurum!
865 2155 995 2235 ‘Quod
1017 2156 1060 2219 ad
1083 2155 1212 2220 bellum
1235 2176 1298 2239 pa·

202 2277 344 2342 comque
359 2260 534 2343 pertineat,
561 2261 641 2325 nihil
661 2279 770 2343 neque
795 2257 910 2340 gratiae
933 2257 1016 2334 dari,
1037 2275 1143 2341 neque
1158 2257 1201 2321 de
1221 2256 1298 2339 jura

233 2451 247 2474 ⁸
266 2443 301 2492 Ut
310 2446 458 2504 meteret
469 2440 634 2491 atrociore
643 2456 689 2490 aon
698 2439 782 2490 dedere
798 2439 877 2504 potior
887 2454 982 2502 operare
997 2438 1123 2488 cutoriam
1132 2434 1298 2500 ofertitadirre

104 2499 111 2508 '
203 2505 355 2565 remoue,
365 2521 433 2569 marr
446 2506 563 2555 &moror
572 2521 587 2554 n
596 2505 684 2555 nietam
695 2505 822 2580 Scipioaia
834 2504 875 2567 pai
885 2505 952 2553 ittam
961 2504 1059 2553 meunt.

233 2577 251 2602 ¹·
266 2571 333 2619 Dm
342 2570 466 2633 Scipiones
481 2575 644 2633 neurpmnet
660 2575 791 2619 motum
799 2568 826 2618 iu
836 2568 930 2633 Arion,
948 2568 1007 2633 iprir
1017 2566 1152 2618 aurium
1162 2572 1197 2618 eri
1208 2567 1296 2617 Antio·

201 2632 270 2685 rim
279 2637 390 2686 terrestri
398 2634 520 2700 nouique
527 2635 611 2698 pretio
621 2631 846 2698 upnrdmfuirre.

236 2849 249 2894 l
268 2842 394 2894 Meliorea
404 2841 471 2892 Mar.
486 2845 593 2905 peterten
607 2843 668 2894 Ant.
685 2843 717 2891 od
727 2857 765 2892 eor
774 2857 806 2893 m.
816 2857 842 2918 p.
854 2842 878 2894 d.
889 2840 933 2902 As.
946 2841 971 2902 s.
1010 2841 1122 2907 Apa-2
1139 2837 1219 2890 Bech.
1233 2835 1296 2916 ᾼΙᾶι

202 2908 277 2964 Junt.
294 2912 431 2970 regregata.
454 2907 530 2958 Bodi.
547 2921 587 2970 pr.
609 2906 661 2958 ber.
679 2907 729 2957 rei.
742 2922 770 2972 p.
784 2910 938 2971 praecia—8
956 2908 1025 2956 For.
1041 2909 1167 2968 regregata
1185 2905 1297 2955 dauri.-

696 3085 804 3139 NOTAE

202 3200 242 3250 roi
253 3200 280 3250 in
290 3199 418 3251 Groeeiam
429 3199 522 3250 mirere
541 3206 590 3262 ert,
606 3205 635 3249 et
654 3199 731 3248 AEmi·
804 3203 815 3238 ¹
830 3198 888 3245 iam
901 3195 1035 3260 untione]
1049 3195 1093 3244 De
1108 3190 1227 3245 terrestri
1246 3191 1299 3244 ric·

202 3275 252 3325 line
263 3280 362 3338 prretor
372 3275 449 3324 cinaei
459 3272 600 3338 praefectur
610 3279 660 3323 ert.
771 3273 840 3321 toria
850 3271 956 3319 Romam
966 3270 1073 3318 aliatum
1084 3269 1179 3320 inerat.

234 3359 251 3383 ¹¹
266 3351 379 3412 Africani
390 3349 486 3410 suurn]
502 3350 532 3396 1..
553 3346 656 3396 Cornel.
673 3345 730 3396 Soi-
803 3347 931 3409 *lagon
948 3359 1030 3409 paoem
1047 3345 1163 3408 peterten]
1179 3343 1298 3394 Heruoii-

201 3427 255 3491 pin,
278 3440 354 3492 quem
376 3423 414 3476 rei
438 3422 556 3472 militarie
582 3421 730 3486 imperitum
770 3422 830 3472 dem
840 3419 1006 3486 Byzantium,
1016 3419 1059 3483 qni
1067 3417 1187 3468 Antiochi
1196 3419 1299 3468 nomine

201 3504 268 3554 dicit
288 3501 439 3567 Appianae:
464 3500 533 3566 qood
555 3508 642 3549 tamen
667 3512 730 3548 vero
769 3496 917 3562 spondebat
931 3495 1036 3544 aenihii
1047 3500 1176 3544 moturum
1187 3493 1214 3542 in
1225 3495 1299 3544 Gra·

201 3580 283 3631 simile
304 3593 354 3628 non
377 3576 491 3640 videtur,
506 3589 566 3626 cnm
588 3579 629 3624 tot
649 3573 731 3635 mair,
770 3573 821 3636 ein,
837 3584 968 3622 ceernrum
983 3568 1091 3620 urbibus
1100 3568 1182 3629 deire,
1199 3568 1231 3618 de
1244 3568 1299 3632 qni-

202 3654 269 3705 dnce
279 3651 403 3703 Africano
413 3650 506 3715 fratre,
519 3649 547 3700 in
558 3649 686 3714 Hispania
702 3654 731 3698 et
771 3649 819 3698 bne
835 3647 1007 3711 dicceptatrun
1021 3641 1116 3706 fuerat,
1132 3651 1159 3692 et
1171 3643 1301 3706 impenet-

202 3729 297 3781 Αἰτίαι
306 3728 439 3790 meruerit,
454 3732 524 3776 teate
535 3726 592 3775 liv.
770 3739 828 3775 rnrn
836 3722 945 3772 mediam
958 3725 1057 3785 partem
1069 3718 1268 3782 persoluturum.

233 3813 248 3839 ¹
266 3804 341 3869 Eique
350 3805 422 3852 datar
431 3803 525 3864 tendas
533 3799 626 3864 frater]
642 3797 731 3850 Creati
803 3799 942 3848 *Fmtee
963 3794 1037 3858 iprirre
1058 3792 1151 3857 fitium]
1178 3791 1239 3839 Non
1267 3805 1298 3842 eo

203 3881 324 3932 romulee
334 3871 439 3928 inerant
447 3877 545 3926 mlier
555 3882 585 3926 et
594 3877 625 3925 L.
634 3876 731 3940 Scipio,
771 3879 888 3936 ternpore
906 3869 1034 3933 scipionia
1051 3867 1141 3930 fitium,
1156 3866 1202 3917 red
1221 3868 1299 3930 paulo

91 3956 98 3968 '
203 3973 311 4026 quornm
331 3957 399 4007 atter
420 3953 538 4006 Africani
559 3953 650 4018 irater,
664 3953 732 4003 atter
770 3955 840 4014 port,
855 3945 962 4008 remisit,
977 3944 1039 3994 dnm
1052 3943 1141 4007 Scipio
1153 3943 1242 3994 Eieanr
1253 3941 1299 3994 de·
1366 3978 1372 3992 .

204 4036 318 4087 amicae:
334 4030 466 4084 Graeciam
476 4035 587 4096 aterqrm
597 4029 730 4094 cupiebat,
770 4026 840 4074 term
859 4025 1015 4085 aegrotaretr
1033 4017 1101 4082 quod
1121 4025 1174 4068 tarn
1195 4025 1298 4082 gratnm

204 4128 263 4165 cnm
271 4109 402 4178 frequenti
410 4114 503 4160 renato
510 4107 733 4171 dixitur-ioanni,
770 4099 869 4152 recidit
880 4095 1013 4158 Africano,
1027 4100 1058 4144 ut
1069 4100 1159 4144 auctor
1171 4095 1226 4158 regi
1242 4092 1298 4144 fue·

205 4203 234 4240 re
252 4187 327 4239 tratri
344 4199 393 4237 eno
410 4185 523 4249 tegrmm
533 4183 600 4248 iore,
616 4183 640 4234 ri
658 4183 732 4235 (ira-
771 4175 817 4239 rit,
832 4187 866 4224 ne
884 4173 911 4222 in
931 4171 1015 4222 aciem
1034 4169 1104 4235 prinu
1115 4169 1298 4231 descenderet,

204 4265 271 4316 ciam
282 4261 334 4328 ipri
344 4260 532 4312 decrerireent.
771 4267 850 4320 qaam
861 4251 889 4304 in
899 4255 984 4302 outre
994 4263 1022 4300 re
1034 4247 1127 4302 rediise
1138 4247 1272 4304 audiisset.
