3084 4900
569 398 639 447 urs.
664 399 697 447 v.
720 398 801 449 orn.
821 386 853 449 6.
1194 382 1258 451 lar

206 540 296 605 Gar.
312 556 346 601 v.
392 541 425 603 1.
450 540 539 605 Dum
553 540 626 606 heac
642 548 795 624 agimtur,
814 540 1114 607 alacedamoniis
1129 541 1258 625 Lysan-

165 640 246 707 der·
257 640 356 707 classi
371 640 522 723 belloque
543 640 735 724 preficitur,
757 648 792 706 et
805 642 842 707 in
855 642 968 707 locum
982 642 1170 707 lisaternis
1184 643 1256 709 Da·

32 768 33 807 r
164 742 244 817 rius,
269 758 329 805 rex
345 740 533 819 Persarum,
556 740 659 805 tilium
681 760 777 807 suum
801 741 925 827 Cyrum
951 742 1056 807 louiae
1072 743 1257 827 Lydiarque

164 840 366 924 prapomit:
387 840 447 924 qui
463 840 735 907 lacedaemonios
749 843 888 909 auxiliis
902 843 1091 927 opibusque
1103 843 1147 907 ad
1161 854 1257 926 apem

165 940 324 1005 fortunael
338 941 460 1025 prioris
473 942 592 1006 erexit
624 941 655 1005 2.
671 940 775 1007 Aucti
785 941 886 1023 igitur
896 940 1257 1021 uiribus,Alcibiaden‘

165 1060 240 1107 cum
253 1050 386 1107 eentum
399 1041 542 1105 naribus
555 1040 592 1104 in
606 1038 726 1104 Asiam
740 1040 936 1125 profectum,
950 1041 1031 1105 dum
1045 1060 1145 1123 egros
1157 1040 1258 1124 longa

165 1162 251 1225 paee
266 1141 390 1207 divites
411 1142 561 1207 munus
585 1142 778 1223 populatur,
801 1148 836 1207 et
856 1141 981 1225 prada
995 1140 1171 1207 dulcedine
1185 1142 1257 1205 eiua

165 1242 360 1307 insidiarum
376 1246 465 1307 metu
483 1260 619 1325 sparsos
641 1241 763 1307 milites
786 1242 898 1323 habet,
921 1242 1094 1326 repentium
1106 1240 1256 1307 adventu

165 1360 374 1426 oppressere:
395 1340 428 1407 a.
443 1347 601 1427 mutaque
615 1342 728 1409 candes
750 1344 931 1426 palantium
944 1344 1019 1419 suit,
1043 1343 1170 1426 utplus
1184 1340 1257 1405 vul-

32 1430 33 1469 ⁷
166 1445 252 1507 neris
266 1462 307 1507 eo
320 1442 439 1526 praelio
454 1442 676 1508 Athenienses
691 1444 895 1527 acciperent,
910 1463 1012 1527 quam
1025 1443 1256 1526 superioribus

166 1544 361 1609 dederantr·
381 1544 414 1607 4.
428 1548 461 1607 et
474 1548 570 1607 unta
581 1543 775 1628 desperatio
786 1543 877 1628 apud
891 1544 1112 1609 Athenienses
1123 1550 1205 1618 erat,
1220 1546 1258 1606 nt

167 1664 210 1709 ex
225 1645 402 1711 confluenti
413 1643 616 1709 Alcibiaden
629 1644 770 1709 ducemd
785 1645 923 1711 Gonorm
937 1640 1136 1724 mulareut3'
1156 1644 1190 1707 5.
1204 1659 1257 1705 ar·

167 1748 323 1811 bitrautes
335 1746 441 1811 victos
456 1764 492 1811 se
504 1766 571 1811 non
585 1746 717 1811 fortuna
731 1747 824 1826 belli,
835 1746 895 1811 sed
905 1745 1020 1813 fraude
1034 1742 1256 1827 imperatoris,

167 1847 253 1929 apud
267 1866 364 1930 quem
379 1847 454 1930 plus
474 1847 565 1929 prior
589 1846 717 1911 offensa
732 1846 906 1924 valuisset,
929 1864 1029 1930 quam
1044 1844 1185 1908 recentia
1198 1843 1257 1907 be-

166 1947 303 2012 neficia:
326 1948 359 2012 6.
375 1948 499 2012 vicisse
521 1956 630 2013 autem
646 1967 725 2013 eum
738 1948 848 2030 priore
860 1947 949 2011 hello
967 1944 1046 2009 ideo
1060 1950 1200 2019 tantum,
1220 1924 1261 2007 u(

167 2048 348 2113 ostenderet
362 2046 526 2126 hostibus,
551 2068 649 2131 quarn
665 2046 784 2111 ducem
809 2046 1023 2129 sprevissent,
1046 2051 1080 2110 et
1093 2050 1130 2108 ut
1142 2044 1255 2108 canus

167 2150 213 2213 eia
236 2149 344 2233 ipsam
368 2148 540 2213 victoriam
567 2147 728 2227 venderet.
771 2148 803 2211 7.
826 2145 947 2211 Orunia
971 2145 1060 2209 enim
1084 2143 1257 2207 credibilia

160 2250 200 2313 e‘n
215 2248 391 2315 Alcibiade
405 2248 500 2331 vigor
523 2249 643 2331 ingenii
668 2254 701 2313 et
724 2266 850 2312 morum
872 2245 1008 2319 luxuria
1022 2244 1177 2309 faciebat.
1220 2243 1254 2307 8.

168 2346 299 2413 Veritus
314 2349 428 2430 itaque
442 2348 664 2413 multitudinis
686 2349 847 2430 impetum
861 2346 970 2411 denuo
983 2345 1018 2408 in
1032 2344 1256 2409 voluntarium

169 2450 318 2517 exilium·
337 2446 573 2531 proficiscitur.

209 2549 296 2616 Car.
313 2566 363 2614 vr.
409 2551 441 2614 l.
464 2549 583 2632 ltaque
605 2547 723 2617 Conon
746 2548 915 2616 Alcibiadi
935 2547 1107 2625 suffectus,
1130 2547 1257 2611 babens

198 2741 210 2763 ·
228 2731 259 2780 Ut
280 2731 432 2781 Athenienses
441 2729 467 2779 r'rr
478 2731 519 2779 illo
536 2707 662 2781 emunire
679 2731 810 2796 arriperent
829 2711 940 2792 repom
957 2728 1053 2790 Mera,
1073 2725 1256 2791 prmbsibss

168 2795 292 2845 immeo
300 2795 420 2863 prioribus
426 2794 526 2862 partu.

656 2933 760 2986 NOTAE

171 3049 207 3094 tar
214 3045 332 3109 Abydum
340 3041 494 3109 Phrygiact
501 3043 604 3096 Sestum
610 3043 689 3094 Thra·
729 3047 786 3112 ipse
797 3043 932 3107 occiditur,
943 3049 1048 3107 totaque
1059 3037 1258 3090 Atheniensium

171 3123 213 3172 eie
225 3123 364 3172 civitatem.
730 3121 818 3172 elassis
829 3120 945 3184 dispersa
955 3125 1006 3182 sss,
1021 3113 1120 3166 arnissis
1132 3117 1171 3163 ll.
1186 3114 1256 3162 naui·

200 3197 358 3260 ίΜουκίαν]
376 3194 526 3246 Aristocletl
537 3195 691 3260 fitnonqni·
732 3196 788 3246 bns.

170 3270 342 3335 demestirpe
361 3272 441 3334 regia,
459 3271 504 3320 red
522 3286 555 3321 er
571 3272 689 3322 Heracli·
718 3273 721 3280 '
762 3267 970 3331 “Alethium
986 3267 1049 3328 nur,
1066 3279 1185 3315 reversus
1197 3279 1256 3315 cum

172 3347 254 3398 derum
266 3361 370 3412 genere.
730 3343 850 3413 universa
859 3345 951 3404 clarae,
965 3342 1047 3392 aciem
1062 3341 1185 3390 instruxit
1196 3347 1257 3392 anre

199 3421 526 3487 ''AdspenrsortamheJ
543 3421 604 3486 lpse
622 3422 689 3473 enirn
731 3424 835 3482 portum
857 3417 1036 3481 Ephesiorum,
1056 3415 1101 3465 abi
1121 3415 1255 3478 Lysander

169 3499 321 3562 abysandro
330 3497 452 3546 incitatus
462 3496 607 3548 drachmam
615 3511 691 3546 unam
730 3499 801 3554 erat,
817 3493 863 3542 sed
871 3491 914 3542 ille
922 3490 1141 3540 Alcibiadlrruetu
1149 3491 1257 3538 classem

170 3573 258 3623 indies
270 3572 386 3636 singulos
397 3571 504 3636 singulis
520 3571 593 3622 dedit
603 3571 691 3622 militi·
732 3583 805 3618 suam
816 3565 1028 3618 educerenoluit.
1060 3563 1128 3616 llaec
1143 3563 1212 3614 Xan.
1228 3568 1258 3612 et

171 3647 221 3709 bur,
241 3649 366 3711 pluraque
384 3645 503 3696 daturum
522 3646 691 3710 repromisit.
732 3645 803 3695 Plus.

170 3723 237 3774 Plus.
764 3719 780 3747 ⁶
797 3718 831 3770 A.
838 3718 878 3768 Μ.
889 3720 963 3767 tota.
975 3715 1019 3766 0¹.
1027 3718 1069 3764 ul.
1077 3718 1104 3767 8.
1114 3713 1149 3764 U.
1159 3713 1189 3763 c.
1200 3713 1259 3760 stt.

199 3796 314 3861 Ἀσία]
342 3797 452 3848 Fallitur
470 3795 607 3847 lustinusr
634 3809 692 3846 euru
732 3793 796 3844 Aut.
808 3790 923 3844 chloe.

169 3872 307 3936 Lysander,
316 3874 356 3923 uti
369 3871 488 3924 referunt
498 3871 566 3923 lien.
581 3877 608 3922 et
619 3871 693 3922 Plut.
764 3873 776 3899 ⁸
791 3867 823 3917 la
832 3865 989 3916 murem
1004 3860 1116 3924 mnan]
1132 3859 1164 3910 ln
1179 3858 1259 3910 cher·

169 3949 327 4000 Alcibiadem
350 3951 478 4000 lacessere
499 3961 551 3996 uon
577 3946 694 4009 auderes,
733 3955 862 4001 sonorum,
880 3939 914 3989 ad
930 3939 1107 4000 castellaque
1124 3935 1161 3985 ibi
1178 3932 1259 3982 rnnni·
1330 3957 1333 3964 ·

169 4024 219 4083 ille,
238 4025 329 4075 relicto
346 4023 417 4088 apud
432 4023 540 4072 classem
551 4020 693 4082 Antiocho,
733 4022 807 4074 erat;
823 4014 878 4078 ubi,
887 4013 1033 4076 conscripto
1047 4019 1156 4062 externo
1166 4009 1260 4071 milite,

169 4098 302 4149 Phocaeaur
319 4098 415 4163 petiit;
430 4097 533 4146 interim
550 4093 692 4144 Antiochus
732 4088 873 4140 Threcibus
883 4103 929 4138 suo
938 4087 1042 4138 nomine
1053 4085 1142 4134 intulit
1153 4083 1259 4144 bellum,

169 4175 302 4224 velborres
312 4185 462 4237 aggressus,
478 4169 565 4220 veleb
584 4167 647 4234 ipris
658 4169 693 4218 la·
731 4171 758 4216 et
769 4162 869 4213 Graecis
879 4161 994 4212 finitimb
1011 4160 1178 4214 maritalem
1193 4171 1259 4223 pra·

168 4251 284 4314 multus,
305 4248 424 4313 pralium
440 4246 588 4308 somnitus,
606 4244 632 4299 iu
643 4258 694 4309 que
732 4239 809 4295 stitit.
818 4236 889 4289 urar.
