3084 4900
218 389 285 463 164
689 389 840 439 tussim

219 550 346 633 lippus,
361 562 420 607 rex
437 536 662 611 Macedoniae,
676 532 769 597 velut
783 551 802 595 e
818 527 980 613 specula¹
997 525 1154 614 quadem,
1169 522 1319 589 libertati

223 650 367 715 omnium
383 643 572 733 insidiatus
581 637 660 702 dum
670 631 897 700 contentiones
908 627 1092 694 civitatium
1105 624 1180 699 alit,
1195 621 1315 709 auxili·

221 771 277 815 nm
302 746 514 835 interioribus
527 737 673 815 serendo,
697 736 810 801 victos
833 733 955 816 pariter
970 722 1314 816 victoresquesubirc

219 853 343 935 regiam
366 848 556 913 servimtem
578 838 697 921 co'egit.
751 837 783 898 4.
810 831 924 897 Causa
945 836 979 894 et
998 830 1092 910 origo
1114 824 1212 907 hujus
1231 823 1314 887 mali

222 952 372 1019 Thebani
394 950 504 1012 fuere:
526 942 594 1027 qui,
608 960 684 1005 cum
698 930 816 1001 ¹rernm
838 935 1034 1017 potirentur,
1049 926 1230 992 secundam
1248 925 1314 987 lor·

223 1064 336 1121 tunam
351 1047 514 1114 imbecillo
539 1044 649 1107 animo
671 1040 823 1113 serentes,
838 1036 945 1099 victos
967 1028 1085 1097 armis*
1099 1026 1313 1093 Lacedaemo-

222 1159 295 1220 nios
306 1158 340 1217 et
355 1150 574 1222 PhocenseS,⁶
583 1141 679 1226 quasi
694 1156 800 1224 parva
810 1135 978 1219 supplicia
987 1131 1137 1198 caedibus
1146 1139 1179 1193 et
1188 1127 1312 1213 rapinis

223 1257 376 1329 luissent,
398 1248 487 1332 apud
514 1261 689 1309 commune
708 1238 853 1304 Graeciae
874 1232 1072 1299 conciliumd
1096 1231 1235 1312 superbe
1258 1248 1313 1292 ac-

223 1357 433 1420 cusaverunt.
477 1349 509 1411 5.
531 1338 798 1419 Lacedaemoniis
820 1335 949 1400 crimini
965 1334 1089 1407 datum,
1104 1330 1193 1413 quod
1206 1348 1315 1392 arcem

222 1456 413 1519 Thebanam
428 1449 633 1513 induciarum
645 1450 791 1524 tempore
804 1441 1047 1519 occupassent;
1071 1431 1313 1504 Phocensibus,

225 1554 316 1639 quod
342 1549 515 1619 Boeotiam
538 1543 729 1629 depopulati
753 1546 885 1605 essent:
920 1537 953 1601 6.
975 1553 1110 1618 prorsus
1125 1532 1223 1616 quasi
1237 1538 1315 1614 post

225 1676 318 1721 arma
341 1659 375 1718 et
389 1653 513 1716 bellum
535 1648 645 1711 locum
669 1644 799 1726 legibus
819 1641 1036 1727 reliquissent.
1078 1637 1110 1699 7.
1133 1630 1217 1696 Cum
1226 1632 1315 1715 judi·
1370 1655 1374 1667 ¹

226 1758 314 1820 cium
333 1754 467 1819 arbitrio
482 1750 644 1814 victorum
659 1750 880 1819 exerceretur,
895 1744 988 1804 tanta
1002 1736 1142 1819 pecunia
1158 1733 1314 1797 damnan-

228 1866 289 1933 tur,
305 1860 431 1938 quanta
452 1849 584 1931 exsolvi
604 1866 668 1911 non
683 1851 809 1929 posset.
851 1842 883 1908 8.
900 1842 1004 1923 Igitur
1018 1837 1218 1911 Phocenseo,
1239 1852 1315 1896 cum

225 1958 326 2037 agris,
347 1954 472 2029 liberis,
489 1949 755 2035 conjugibusque
778 1948 991 2029 privarentur,
1005 1936 1188 2021 desperatis
1201 1934 1315 2010 robus,

226 2053 412 2122 Philomelo
428 2050 594 2135 quodam‘
621 2046 717 2123 duco,
731 2048 823 2111 volnt
847 2044 923 2109 Deo
944 2042 1134 2115 irascentes,
1153 2034 1316 2117 templum

225 2159 334 2240 ipsum
350 2154 518 2238 Apollinis
534 2148 673 2233 Delphis
687 2159 923 2232 occupaverer
951 2144 985 2207 9.
1012 2139 1096 2204 Inde
1110 2155 1193 2202 euro
1207 2142 1242 2200 et
1259 2154 1317 2220 pe·

226 2257 324 2321 cunia
338 2256 469 2331 divites,
485 2252 649 2317 conducto
663 2248 865 2313 mercenario
882 2243 997 2319 milite,
1012 2241 1134 2306 bellum
1145 2238 1317 2302 Thebanis

226 2358 414 2422 intulerunt.
458 2352 511 2417 10.
536 2353 677 2417 Factum
692 2349 928 2424 Phocensium,
943 2344 1101 2411 tametsi¹
1120 2360 1234 2407 omnes
1256 2359 1319 2403 ex·

227 2464 413 2523 ocrarentnr
438 2461 573 2540 propter
596 2453 816 2534 sacrilegium,
841 2451 917 2539 plus
938 2454 1050 2513 tamen
1075 2442 1212 2508 invidiae
1231 2441 1303 2506 The

681 2609 861 2632 numano

260 2687 272 2733 l
292 2681 375 2758 lferis.
386 2682 434 2730 Ph.
446 2695 477 2730 ex
493 2680 632 2730 Macedonia
646 2680 709 2728 celet
718 2693 754 2742 sp.
767 2678 886 2742 idemque
898 2679 924 2726 in
936 2672 1127 2738 exemplaribus
1137 2670 1208 2735 typis
1218 2665 1318 2719 excusis

227 2753 326 2808 repent
346 2746 511 2808 bongarsius.
531 2743 609 2794 Oros.
628 2755 670 2792 ιιι.
691 2747 729 2794 1².
758 2743 891 2793 ‘Quorum
909 2741 970 2790 dom
990 2741 1093 2788 insanas
1114 2734 1319 2785 concertationes

226 2809 363 2874 Philippus
373 2809 454 2858 veluti
472 2823 487 2857 e
504 2808 610 2870 specula
625 2806 746 2855 observet
755 2805 771 2854 ι’
788 2815 867 2871 etque
878 2807 914 2855 its
925 2807 978 2854 llis.
990 2802 1062 2853 Leid.
1072 2805 1095 2850 2
1115 2798 1263 2861 Freculphl‚
1274 2811 1318 2860 sp.

226 2885 302 2939 quem
313 2873 392 2936 vulgo
403 2871 552 2936 praeposilio
564 2870 734 2920 deslderetur.
768 2870 891 2919 Ceterum
911 2870 975 2918 urire
990 2873 1031 2917 est
1046 2864 1183 2928 scripturae
1200 2861 1320 2921 serietas,

226 2953 301 3001 quarn
313 2937 463 3001 suppeditat
475 2937 571 2999 primus
580 2934 661 2999 ejusd.
671 2934 729 2983 cod.
740 2933 864 3000 Philippus
871 2936 933 2983 odet
943 2931 1063 2995 vulpecula
1073 2929 1236 2978 obcenae—a
1246 2924 1320 2976 Med.

228 3007 304 3051 tumea
320 3002 373 3050 etsi.
393 3000 491 3049 Pecus.
508 3014 552 3062 ep.
569 2999 637 3048 Gell.
650 3011 669 3046 ι.
681 3001 722 3046 2⁴.
745 2997 862 3047 ‘Tamen
879 2998 927 3046 etsi
945 3011 991 3060 pro
1026 2993 1086 3044 ras.‘
1116 2991 1221 3040 Terent.
1237 2987 1318 3037 Andr.

228 3079 253 3114 v.
264 3069 288 3113 2.
300 3069 341 3114 23.
364 3066 478 3114 ‘Tamen
489 3064 539 3112 elsi
551 3061 599 3111 hoc
611 3076 697 3111 verum
709 3065 764 3111 est'
791 3062 851 3112 Sen.
863 3075 902 3110 ιι.
917 3063 989 3110 Bene
1003 3064 1045 3109 .9.
1068 3055 1182 3106 ‘Temen
1192 3054 1243 3103 etsi
1253 3052 1317 3101 nihil

226 3128 296 3242 gius}
307 3129 463 3240 sppuentlum
472 3134 527 3190 ιιι,
538 3127 674 3190 querimus
686 3123 747 3191 quid
759 3123 902 3175 faciemus!
926 3123 995 3174 sud.
1006 3127 1115 3186 paterne
1126 3118 1158 3167 sd
1174 3117 1229 3168 Cle.
1240 3130 1271 3167 ιι.
1282 3115 1317 3164 de

255 3206 304 3240 ιι.
349 3227 356 3239 .

717 3267 822 3317 Nom

258 3362 270 3396 l
290 3363 370 3414 Victus
380 3364 465 3427 ιιιιὶι]
493 3362 544 3426 Ap.
566 3363 702 3410 hcrrctrsrn
722 3367 750 3410 ιι
791 3360 987 3425 demittebant
1006 3370 1154 3417 assessores,
1166 3367 1230 3419 quos
1248 3351 1317 3402 Pila·

227 3437 395 3488 Μιιιιίιιιιιιι.
790 3451 866 3499 goras
880 3435 939 3484 idco
952 3434 1087 3495 nocebant,
1103 3429 1171 3496 quod
1189 3433 1222 3477 sd
1242 3429 1318 3492 pilss,

258 3512 425 3576 el'boceuser]
445 3511 539 3575 Populi
561 3516 621 3560 ιιιιιι
640 3509 749 3559 Graecias
790 3526 847 3575 que
869 3518 977 3574 propter
998 3508 1122 3571 templum
1141 3504 1270 3570 Apollinis
1289 3517 1317 3553 e-

226 3587 416 3650 mediterrsuei,
443 3585 539 3637 Attice
567 3584 680 3649 finitimi,
706 3599 749 3649 sp.
790 3587 983 3649 ιιιι,ιιίιιιιιι1
1002 3590 1165 3636 exercerent.
1197 3582 1318 3632 Demost.

226 3680 289 3730 quos
301 3662 425 3728 templum
436 3661 670 3726 eratDelphicunr.
792 3672 819 3713 et
830 3662 910 3713 Diod.
1029 3647 1034 3656 ¹

257 3741 387 3792 derecte
398 3738 531 3803 concilium]
557 3737 752 3803 Amphictyoni·
823 3739 980 3788 ⁰l’leiloroelo
1002 3733 1113 3800 Μαι]
1144 3732 1177 3782 Id
1198 3729 1259 3794 egit,
1287 3745 1317 3782 re

226 3833 294 3880 cum,
314 3815 382 3882 quod
404 3830 439 3864 ex
460 3817 500 3864 12.
522 3813 632 3863 Graeciae
650 3811 752 3876 populis
793 3815 931 3879 prinsenm
940 3813 1097 3864 Archidsmo
1111 3806 1319 3861 Lacedaemonio·

225 3889 400 3952 conflaturum
418 3890 456 3940 bis
467 3889 573 3952 singulis
584 3887 666 3947 annis,
677 3887 752 3938 initio
793 3905 847 3940 rum
866 3905 927 3954 rege
944 3888 1147 3939 communicate:
1163 3899 1223 3933 nsm
1237 3883 1318 3932 Lace·

225 3967 291 4018 veris
310 3973 337 4017 et
355 3965 480 4029 autumni,
501 3966 611 4029 primum
622 3963 655 4012 ad
674 3964 752 4013 Ther·
792 3964 912 4016 daemouii
924 3964 958 4014 ab
967 3963 1025 4014 eod.
1037 3961 1145 4013 consilio
1156 3955 1247 4024 grandi
1265 3972 1317 4007 aere

225 4044 351 4108 mopylss,
369 4042 463 4092 deinde
481 4041 601 4106 Delphis,
618 4040 752 4091 convenie-
791 4040 910 4090 mulctati
921 4045 1004 4089 erant.

226 4117 272 4165 bet
300 4118 332 4165 ad
361 4116 517 4167 definiendas
540 4117 599 4167 lites
627 4114 750 4180 publicas.
824 4115 888 4176 ιΑ.
906 4115 946 4166 Μ.
956 4117 1030 4164 3697.
1050 4112 1095 4163 Ol.
1115 4115 1171 4162 1⁰⁵.
1188 4113 1215 4160 d.
1233 4108 1267 4158 U.
1287 4107 1319 4161 C.

226 4183 353 4239 civitates
365 4191 481 4256 singule,
498 4193 539 4242 vel
551 4191 634 4255 binos,
645 4191 687 4240 rel
699 4198 750 4242 ter·
790 4195 847 4241 396.
860 4191 923 4241 Ant.
935 4190 983 4240 Ch.
994 4192 1051 4239 tob.

225 4271 280 4356 pos,
292 4265 332 4314 vel
344 4267 465 4330 singulos,
475 4281 521 4332 pro
530 4269 652 4332 cujusque
660 4273 750 4330 poten·
958 4260 962 4266 ’
