3084 4900
516 336 588 385 nra.
611 336 756 385 xxxix.
780 337 862 386 err.
884 322 918 387 2.
1186 324 1253 391 49⁶

162 480 281 561 gratia,
304 479 473 545 destruere
488 474 671 544 Alexandri
694 496 838 561 regnum
860 479 953 563 quod
978 480 1060 548 odio
1086 484 1250 549 Demetrii

162 580 365 647 viribussnis
377 580 588 663 acquisierat,
602 580 739 645 summis
748 579 871 663 opibus
884 580 1040 646 instituit.
1073 583 1106 649 3.
1120 581 1249 649 Mittit'

162 683 262 765 igitur
274 681 422 765 ingentia
434 679 553 763 Grypo
568 680 697 744 auxilia
708 685 745 745 et
764 678 868 744 filium
881 679 1119 765 Tryphaenam¹
1132 682 1250 769 Grypo

161 791 348 866 nupturam,
369 791 409 848 ut
431 784 580 867 populos
601 783 638 847 in
662 781 827 847 auxilium
836 782 980 867 nepotis,
1001 802 1068 849 non
1088 786 1250 853 societate

162 891 289 951 tantum
302 884 394 963 belii,
414 890 577 950 vemmet
599 882 760 950 affinitate
783 902 848 949 sua
866 885 1073 951 solieitnret¹
1117 888 1150 950 4.
1175 885 1250 953 Neo

32 1039 36 1047 .
161 1004 215 1050 res
240 985 364 1051 imotra
390 984 468 1051 tuit:
505 1004 591 1062 nam,
617 1003 695 1049 oum
729 1002 845 1049 omues
873 983 1024 1069 Grypum
1052 985 1248 1065 instructum

161 1086 301 1171 AEgypti
323 1086 450 1152 viribus
475 1086 633 1163 viderent,
649 1084 813 1168 paulatim
832 1084 876 1149 ab
891 1081 1084 1151 Alexandro
1105 1084 1247 1151 deiicere

161 1206 308 1271 coepere.
349 1188 383 1250 5.
399 1185 614 1267 Fit'donique
637 1186 723 1250 iuter
747 1190 867 1268 reges⁸
880 1184 1044 1269 proelium,
1057 1206 1125 1271 quo
1140 1186 1248 1253 vietus

160 1286 355 1353 Alexander
367 1288 580 1353 Antiochiam
601 1284 758 1369 profugit.
802 1284 858 1350 Ibi
878 1286 978 1370 ineps
992 1289 1156 1370 pecunim,
1171 1307 1248 1353 cum

161 1389 330 1473 stipendia
343 1389 508 1455 militibus
515 1388 680 1464 deessent,
687 1384 834 1469 templo*
845 1384 868 1451 J
870 1387 945 1451 ovis
956 1387 1100 1453 solidum
1108 1408 1153 1455 ex
1166 1408 1249 1455 auro
1335 1440 1339 1449 .

161 1488 323 1555 victoria
344 1489 474 1573 signum
487 1488 560 1554 tolli
579 1487 701 1571 jubet:
719 1484 839 1551 facetis
855 1486 948 1570 jocis
961 1487 1249 1572 sacrilegium-uir·

161 1592 407 1655 cumscribcns:
428 1609 504 1655 uam
526 1588 737 1654 ‘Victoriam
751 1587 996 1653 commodatam
1010 1590 1077 1655 sibi
1096 1590 1139 1654 ab
1160 1589 1250 1656 Jove

162 1690 255 1757 ease'
278 1692 425 1757 dicebat.
466 1688 856 1774 6.1utary'octiedeinde
881 1690 1012 1770 diebus,
1039 1710 1114 1755 cum
1140 1690 1250 1774 ipsius

161 1791 260 1858 ioris
282 1798 447 1858 aureumn
465 1791 681 1857 simulacrum
706 1787 828 1853 infiniti
846 1789 1002 1873 ponderis
1024 1792 1127 1857 tacite
1148 1790 1250 1857 evelli

156 1893 327 1977 jussisset,
341 1894 628 1979 deprehensusque
640 1892 676 1957 in
692 1890 876 1973 sacrilegio,
892 1908 1053 1957 concursu
1068 1890 1250 1957 multitudi-

161 1995 215 2059 nis
229 2001 318 2059 esset
330 1994 367 2059 in
378 1996 490 2079 fugam
503 2014 638 2071 versum
658 1993 823 2075 magnaei
837 1994 1046 2077 tempestatis
1054 2010 1248 2078 oppressus·

123 2092 127 2098 ’
162 2114 202 2160 uo
217 2095 366 2161 desertus
388 2115 410 2161 a
430 2096 513 2175 suis,
528 2116 551 2161 a
572 2095 750 2161 latronibus
772 2092 920 2176 capitur3
941 2092 1185 2179 perductusque
1206 2092 1250 2159 ad

161 2196 311 2280 Grypum
325 2195 540 2265 innrficitorr
579 2197 615 2261 7.
640 2193 779 2278 Grypus
799 2212 909 2277 porro,
931 2193 1118 2276 reciperato
1139 2193 1250 2275 patrio

160 2316 273 2379 regno,
288 2297 499 2380 externisque
522 2294 681 2379 periculis
701 2294 874 2371 liberatus,
897 2292 1026 2357 insidiis
1040 2292 1164 2358 matris
1189 2311 1251 2377 ap-

158 2398 288 2480 petitur.
332 2395 517 2478 anneum
531 2394 717 2480 cupiditate
725 2394 976 2472 dominationis,
986 2394 1117 2478 prodito
1125 2394 1246 2460 marito
1345 2471 1349 2480 Α

165 2499 345 2577 Demetrio,
366 2504 401 2563 et
422 2499 525 2564 altero
544 2497 615 2564 tilio
635 2496 819 2574 interiecto,
834 2494 934 2579 hujus
957 2514 1090 2581 quoqne
1112 2496 1251 2564 victoria
1289 2551 1292 2559 .

160 2599 345 2664 inferiorem
355 2599 547 2684 dignitatem
561 2617 659 2662 auam
672 2595 796 2660 iactam
810 2595 951 2676 doleret,
966 2597 1112 2661 uenienti
1128 2597 1171 2662 ab
1186 2613 1248 2661 ex-

158 2701 347 2765 ercitatione
361 2701 519 2784 poculum
532 2699 652 2764 veneni
672 2698 806 2764 obtulit.
848 2699 880 2763 8.
911 2697 978 2762 Sed
994 2697 1144 2782 Grypus,
1158 2715 1245 2781 prm·

162 2804 261 2868 dictis
270 2811 281 2851 ⁵
291 2804 363 2888 jum
378 2811 454 2868 autc
467 2803 605 2881 insidiis,
618 2801 724 2866 veluti
747 2799 872 2883 pietate
887 2819 964 2865 cum
978 2807 1082 2865 matre
1104 2805 1250 2876 certaret,

161 2906 277 2971 bibere
291 2905 399 2989 ipsam
408 2905 547 2989 jubet3‘
561 2903 721 2968 abnuenti
734 2903 853 2967 instat:
876 2900 1105 2985 postremum⁶
1116 2901 1248 2985 prolato

193 3067 1158 3136 ‘Jatctmscrriateapiodooirdaninaiommeorssotaauwiidom

192 3135 206 3169 ⁸
222 3137 270 3186 Seri
282 3137 388 3200 Grypus,
397 3135 550 3196 deiectirjuat
564 3135 740 3194 iaridir‘ciatet
750 3133 826 3196 iprum
836 3132 921 3195 iiim,
938 3137 963 3182 rt
980 3135 1049 3194 arrei
1066 3131 1099 3180 od
1118 3128 1250 3194 timna,

161 3203 216 3250 dun
226 3203 268 3251 iilo
278 3201 369 3263 ohad,
376 3201 444 3265 prosi
453 3204 555 3250 urium
563 3199 715 3262 pietatem
724 3202 808 3247 notre.

615 3323 793 3346 mm

194 3413 207 3456 1
224 3407 346 3469 Medioai,
358 3405 440 3470 magr.
453 3403 602 3468 hidenses,
617 3404 692 3453 Bodi.
711 3403 778 3454 Coit.
794 3403 829 3455 N.
846 3403 931 3453 Perta.
942 3403 985 3454 ad.
997 3401 1072 3452 Rom.
1082 3402 1250 3453 medem-a

161 3470 597 3534 Medicei,i1agr.raeid.r.n.r.o.
613 3469 700 3518 Peria.
716 3469 782 3518 Coti.
799 3467 835 3516 N.
852 3469 895 3518 ed.
911 3467 1157 3518 Alddrmtdeiarir.
1174 3467 1249 3516 Rom.

161 3535 404 3586 secernantur.
427 3537 488 3584 Par.
505 3533 548 3583 ru
557 3533 641 3582 deinde
649 3533 801 3582 istaes-4
819 3530 931 3592 Mpdicai
943 3537 975 3579 rt
1028 3531 1127 3592 ,Magn
1142 3529 1214 3581 Laid.
1225 3536 1251 3581 2·

160 3614 192 3648 ex
202 3605 273 3664 temp.
287 3603 309 3647 1.
320 3605 344 3647 t.
360 3597 446 3648 Paria.
456 3597 553 3646 mom.
566 3595 632 3644 Coit.
643 3597 678 3645 N.
688 3595 731 3646 ed.
743 3597 817 3644 Rom.
830 3595 910 3645 Bech.
920 3592 981 3644 did.
1017 3602 1071 3645 out.
1087 3593 1207 3644 vincent.
1223 3595 1250 3645 ia

160 3667 279 3725 temp-ti
296 3660 427 3711 Scirticro
438 3659 584 3709 emendanti
593 3658 694 3722 proditis
705 3658 860 3722 astipulator
871 3657 956 3708 Paria.
966 3659 1088 3709 Vincunt.
1103 3656 1173 3706 ‘Sed
1185 3672 1249 3720 pru·

160 3727 272 3776 monitor
283 3725 396 3791 Grypus,
411 3723 559 3774 cointii-ti
574 3722 655 3787 Magi.
673 3722 759 3772 Perit.
774 3727 896 3786 perirem
920 3721 994 3773 Med.
1003 3726 1028 3772 Ι.
1039 3729 1068 3773 et
1083 3721 1203 3772 Vincunt.
1218 3721 1251 3772 ai

648 3867 759 3920 NOTAE

193 3977 208 4005 '
224 3976 305 4026 Α.Μ.
320 3979 394 4026 8929.
426 3973 471 4026 01.
482 3979 540 4026 lot.
549 3981 575 4026 Δ.
607 3975 684 4026 [tc.
756 3981 775 4007 ¹¹
790 3971 975 4036 desiccaretur]
991 3971 1023 4024 ld
1041 3971 1138 4022 crimen
1157 3967 1250 4020 Antio-

161 4057 218 4101 628.
251 4051 442 4102 ,iuncum
725 4050 773 4100 ciro
785 4051 914 4115 cyziceno
924 4048 1014 4098 tribuit
1024 4047 1122 4096 Aruob.

164 4125 170 4136 ’
194 4126 200 4158 ¹
220 4128 304 4176 Filium
322 4126 488 4192 tryphosam]
504 4127 558 4178 Atii
573 4127 685 4191 Gryphi-
757 4134 769 4158 ¹
786 4122 944 4190 interficitur]
960 4123 990 4172 iu
1002 4123 1092 4186 praeiio
1103 4135 1197 4172 cusum
1208 4134 1250 4172 oc·

161 4218 219 4253 uum
231 4203 371 4253 nominant.
725 4202 845 4254 cubuisse
858 4201 1029 4266 vuitJoreph.
