3084 4900
457 365 691 418 tannasara
719 367 1033 418 murmuramus.
1246 354 1291 420 ³3

199 511 270 568 &Aa
284 507 389 572 Abyssa.
406 507 526 560 mbram
539 509 566 559 tl
580 509 620 560 rui
635 459 1290 576 rbuihrnlrrirsrbrtrssndmhfflhaessdh&

198 575 254 624 hnc
263 573 293 624 br
301 571 462 626 hadom.
478 571 556 624 τιΐηι
566 571 591 624 tl
601 571 707 632 ποιήσας,
714 571 851 636 Σκῖιψινήἱ
861 579 879 622 1·
942 594 958 627 u
968 573 1154 639 lrxvphr'rihrrr
1164 575 1288 639 κατίσχει.

312 643 371 690 484.
396 637 462 688 ‘oli
477 637 813 702 ltuiimrpnoioer'upivrhv
919 639 1290 700 ‘midrl'fflrahrroai-

198 641 350 796 gezman·
358 701 415 780 pplr
424 702 467 780 rip
476 703 642 780 numantiam,
651 701 724 767 rire,
735 703 772 752 in
779 702 846 754 ἔλθω
855 703 884 752 tr
892 704 916 754 is
923 704 1018 769 λόγου,
1028 703 1151 769 eilulfum
1161 703 1240 763 Maur.

261 769 313 817 Alc.
325 767 397 817 Iaerd.
406 773 483 832 petito
493 769 602 832 alloquia

197 897 325 964 Verus
341 899 557 964 lunnnrrns
571 897 757 977 Vrrrornu,
774 898 833 982 qui
855 906 908 963 est
929 899 1019 982 apud
1040 899 1083 966 P.
1099 901 1286 980 Danielem,

497 1001 531 1064 in
545 997 628 1064 illud
643 1001 730 1064 tertii
743 999 877 1064 AEneid.
890 1000 996 1084 (108.)

282 1136 460 1202 ‘Teucrus
475 1121 638 1202 Rhoeteas
653 1137 795 1219 primum
807 1142 861 1200 est
878 1135 1036 1200 advectus
1055 1137 1090 1200 in
1103 1138 1203 1204 oras?

239 1239 400 1304 Teucrus.
436 1238 490 1302 De
503 1236 569 1303 hoc
584 1236 697 1302 fabula
712 1236 840 1320 duplex
853 1244 928 1301 est:
951 1257 1028 1302 nam
1041 1244 1076 1303 et
1088 1237 1131 1303 de
1145 1243 1289 1323 parenti·

198 1342 261 1404 hus
285 1339 359 1424 ejus
383 1340 558 1424 dupliciter
585 1339 735 1404 traditur.
789 1337 862 1401 Alii
886 1338 975 1402 enim
1004 1337 1130 1404 Cnreas
1155 1348 1190 1405 et
1215 1343 1288 1408 ldae

200 1441 389 1525 Nymphna3
411 1442 482 1518 alii,
508 1443 593 1506 iuter
619 1459 706 1526 quos
732 1446 767 1505 et
791 1439 935 1522 Trogus,
955 1440 1162 1520 Scamandri,
1184 1442 1288 1508 lilium

197 1542 350 1608 tradunt:
372 1542 431 1627 qui
447 1541 659 1620 Scamander,
675 1561 750 1606 curn
765 1538 862 1604 Greia
881 1539 1011 1622 srugnm
1028 1542 1144 1626 inopia
1160 1543 1291 1610 labora·

197 1655 261 1723 ret,
283 1663 360 1709 cnm
381 1648 475 1728 parte
496 1643 593 1708 tertia
614 1641 730 1726 populi
755 1640 798 1704 ad
818 1645 951 1704 exteras
974 1641 1073 1706 sedes
1095 1644 1289 1727 qnoerendas

195 1745 367 1831 proiectus
392 1750 457 1823 est,
487 1743 530 1809 nh
559 1741 715 1826 Apolline
742 1743 902 1819 monitus,
928 1743 975 1806 ihi
1003 1763 1079 1808 enm
1102 1744 1288 1811 habiturum

198 1847 309 1926 sedes,
329 1846 388 1912 uhi
408 1853 512 1912 noctu
535 1866 556 1912 a
576 1845 745 1928 terrigenis
767 1846 979 1929 obpugnatus
999 1853 1098 1912 esset.
1142 1845 1228 1911 Cum
1245 1847 1290 1912 ad

197 1947 353 2033 Fryginm
367 1949 530 2025 venisset,
545 1953 578 2013 et
592 1951 702 2011 castre
715 1945 897 2029 posuisset,
911 1951 1015 2010 noctu
1029 1965 1142 2010 mures
1155 1965 1290 2012 arcuum

196 2069 318 2116 nervos
340 2056 374 2116 et
395 2050 623 2116 lahoramenta
644 2065 806 2114 annorum
830 2044 1032 2110 adroserunt
1077 2047 1289 2125 Scamander,

197 2152 259 2216 hos
282 2151 515 2236 interpretatus
543 2149 655 2214 hostes
679 2168 753 2213 esse
781 2147 974 2230 terrigenas,
1001 2147 1037 2211 in
1071 2147 1146 2214 Idas
1167 2149 1289 2212 montis

195 2253 367 2320 radicibus
387 2253 530 2320 aedificia
548 2251 746 2317 collocarit:
770 2250 840 2332 qui,
856 2268 933 2314 cum
955 2248 1117 2313 adversim
1134 2248 1291 2315 finitimos
1320 2324 1328 2334 ι

196 2355 321 2421 bellum
340 2361 479 2440 gereret,
503 2353 611 2420 victor
634 2355 669 2417 in
692 2351 802 2416 Fanto
826 2349 959 2414 flumine
979 2350 1095 2432 lapsus
1115 2368 1181 2414 uon
1201 2368 1292 2414 com·

197 2460 326 2544 parnit3
347 2458 405 2543 qni
419 2464 499 2543 post
523 2454 777 2521 cenetensibus
790 2453 825 2516 in
847 2452 1006 2515 honorem
1026 2452 1112 2534 regis
1132 2451 1186 2515 sui
1210 2451 1291 2516 Scu-

197 2560 335 2627 mander
357 2558 545 2647 appellatus
560 2562 632 2621 cst:
655 2554 792 2638 filioque
807 2553 884 2637 ejus
896 2550 1026 2616 Teucro
1044 2570 1177 2635 regnum
1191 2551 1292 2616 madi·

198 2668 279 2742 tum,
293 2662 352 2745 qui
366 2662 460 2726 cives
473 2680 493 2724 a
507 2678 568 2723 sao
581 2658 714 2722 nomine
728 2655 880 2720 Teucros
893 2652 1088 2738 appellavit,
1102 2654 1164 2737 qui·
1173 2660 1256 2736 post
1270 2672 1291 2717 a

197 2784 275 2846 rege
299 2764 389 2829 ‘lhoo
416 2761 554 2847 Tranni
582 2759 664 2824 dicti
687 2763 774 2834 sunt,
798 2763 834 2819 et
857 2754 1016 2838 templum
1039 2752 1189 2837 Apollini
1213 2774 1290 2819 con·

199 2865 319 2943 stituit,
335 2884 435 2949 quem
446 2860 641 2927 Sminthium
656 2855 851 2944 appellarit.
882 2853 1056 2919 Cretenses
1068 2854 1154 2919 enim
1166 2874 1292 2920 murem

200 2966 424 3051 Smynthicem
439 2960 571 3028 dicunt:
593 2964 653 3026 &a
948 3018 971 3059 b

232 3100 298 3165 Les.
308 3099 521 3161 arbitremur·
531 3100 555 3145 el
565 3096 695 3145 arrunte
705 3105 830 3141 mm.
863 3088 900 3139 Et
909 3086 1009 3151 cutim,
1017 3086 1045 3136 is
1055 3085 1269 3151 Xanthus-ine.

449 3227 548 3291 mm
564 3184 608 3289 an'
623 3221 706 3287 rum
727 3238 776 3284 ιν.
799 3218 932 3285 masin.
952 3216 1039 3301 (aa.)

200 3350 212 3381 ‘
228 3348 461 3429 Ductoresqne
477 3342 549 3421 alii,
565 3360 651 3425 quos
665 3338 784 3404 Africa
794 3344 882 3401 terra
897 3316 1075 3415 minmphis
1089 3331 1197 3396 Dives
1212 3329 1294 3395 alit!

243 3448 460 3531 ‘Triumphis
483 3441 599 3522 dives,’
624 3442 741 3518 idest,
763 3440 940 3504 bellicoso:
972 3442 1005 3501 et
1024 3433 1157 3519 quidam
1178 3432 1296 3497 dicunt

201 3550 323 3615 Astros
349 3564 530 3629 numquam
557 3543 788 3625 triumphasse.
832 3537 959 3602 Plinius
987 3544 1099 3599 autem
1128 3531 1295 3598 socundus

202 3650 364 3715 Historiae
391 3646 577 3723 Naturalis,
607 3650 642 3709 el
668 3640 852 3723 Pompeius
878 3637 1009 3721 'lhogns
1038 3634 1160 3700 Astros
1182 3631 1297 3695 dicnnt

201 3770 360 3836 pompam
387 3746 541 3830 triumphi
569 3744 697 3829 primos
721 3741 898 3816 invenisse,
929 3756 1028 3823 quam
1056 3735 1122 3801 sihi
1150 3729 1294 3797 Romani

201 3860 326 3937 postea
352 3848 611 3915 vindicaverunt
668 3844 787 3911 Libius
815 3846 924 3908 autem
948 3836 1159 3907 Andronicus
1186 3831 1295 3907 refert,

201 3973 264 4020 eos
278 3953 321 4018 de
342 3952 505 4017 Romanis
519 3949 642 4033 saepius
656 3945 887 4029 triumphasse,
903 3959 1047 4025 suasque
1062 3936 1208 4022 porticus
1223 3928 1295 3996 Ro

202 4056 311 4121 manis
325 4052 445 4138 spoliis
459 4052 649 4119 adornasse.
694 4042 817 4113 Merito
831 4063 908 4127 ergo
930 4047 940 4076 ‘
956 4041 1062 4106 Dives
1076 4030 1274 4118 triumphis?

234 4188 288 4237 Pro
296 4186 381 4237 Antros
391 4182 525 4249 legendnm
537 4182 640 4235 omnino
650 4180 732 4243 Asrnr.
766 4176 992 4243 Cartbnginienrer
1004 4172 1183 4235 triumphem,
1197 4164 1297 4216 indicat

203 4254 280 4303 etium
292 4251 356 4300 liber
368 4262 428 4299 ιιι.
443 4250 550 4301 Jurrlni.

266 4332 355 4396 velpa.
366 4336 388 4380 rt
401 4330 458 4381 γαν.
468 4329 533 4380 Cius.
708 4324 801 4375 dantis.
1211 4311 1233 4360 C
