3084 4900
274 382 337 453 138
746 406 893 459 suerrus
918 435 927 451 .

273 550 451 631 permotus,
475 546 614 631 patriam
635 548 766 615 miseris
780 551 910 617 civibus
930 551 1083 631 restituit,
1105 559 1141 619 et
1161 554 1278 620 decem
1298 562 1350 641 ty·

272 666 396 713 munos
410 668 455 714 ex
476 652 556 715 urbe
580 650 737 716 Eleusina
758 653 917 735 migrare5
938 654 980 718 ad
1001 660 1128 719 ceteros
1147 652 1276 739 jubaa'
1317 657 1349 723 8.

271 748 408 827 Quibus
431 751 526 815 rebus
547 772 623 817 cum
649 772 719 835 pax
740 759 863 819 statuta
885 760 984 833 esset,
1006 754 1193 839 interjectis
1217 756 1350 837 (liebus,

270 856 402 933 repente
424 855 550 937 tyranni
570 872 634 919 nou
655 854 763 919 minus
784 857 958 921 restitutos
979 856 1110 932 exules,
1132 875 1233 940 quum
1254 876 1292 922 se
1312 860 1349 922 iu

268 952 405 1016 exilium
420 959 524 1031 actos,
539 952 757 1037 indignantes,
772 958 866 1039 quasi
879 976 960 1021 vero
974 956 1117 1022 aliorum
1129 956 1269 1021 libertas
1283 976 1349 1023 sue

268 1056 411 1119 servitus
429 1060 526 1133 esset,
549 1055 671 1120 bellum
692 1054 947 1123 Atheniensibus
969 1056 1129 1124 inierunt:
1149 1057 1182 1124 9.
1204 1057 1277 1138 sed,
1302 1058 1348 1123 ad

266 1155 476 1238 colloquium,
501 1157 604 1221 veluti
617 1156 874 1223 dominationem
886 1158 1063 1241 recepturi,
1086 1156 1264 1243 progressi,
1286 1177 1347 1241 per

264 1256 406 1321 insidias
425 1258 667 1342 comprehensi,
690 1265 729 1322 ot
749 1259 844 1341 pacis
855 1258 1001 1324 victimae
1020 1258 1235 1325 trucidantur.
1279 1259 1347 1324 Po·

263 1357 377 1441 pulos,
403 1378 500 1441 quem
520 1359 678 1440 emigrare
687 1359 862 1443 jusseram,
884 1359 919 1423 in
932 1360 1051 1425 orbem
1064 1364 1248 1425 revocatur.
1290 1359 1343 1423 lo.

262 1455 374 1543 Atque
388 1459 436 1523 ila
446 1478 508 1543 per
520 1459 622 1523 multa
635 1460 782 1524 membra
795 1458 913 1524 civitas
926 1460 1092 1544 dissipata
1110 1459 1146 1523 in
1160 1478 1259 1525 unum
1272 1464 1345 1524 tau-

263 1561 341 1625 dem
368 1580 489 1645 eorpus
510 1560 684 1644 redigitur:
708 1561 768 1625 11.
786 1570 831 1639 et,
856 1580 898 1625 ne
922 1581 991 1644 quo
1013 1560 1185 1637 dissensio,
1200 1580 1246 1626 ex
1267 1568 1343 1625 aute

263 1662 347 1728 cotis
360 1668 555 1741 nasceretur,
580 1680 693 1727 omnes
702 1661 914 1746 Jurejurando
933 1662 1179 1744 obstringuntur
1193 1664 1204 1695 ‘
1220 1660 1344 1725 discor-

262 1764 390 1830 diarum
405 1740 608 1830 oblivioneui
617 1762 708 1829 fore!
749 1763 804 1829 12.
819 1762 950 1829 Interea
956 1761 1105 1827 Thebani
1114 1760 1343 1845 Corinthiique

260 1866 385 1949 legatos
407 1866 451 1931 ad
466 1865 737 1931 lacedaemonios
750 1865 892 1943 mittunt,
907 1866 1021 1949 quiex
1034 1862 1199 1929 manubiis
1213 1864 1343 1944 portio·

258 1986 335 2031 uem
345 1966 468 2049 praedae
483 1966 666 2033 communis
676 1966 753 2031 belli
767 1966 969 2050 periculique
983 1970 1157 2048 peterent·
1188 1962 1241 2027 13.
1257 1963 1343 2041 Qui-

258 2068 322 2132 bus
335 2068 472 2152 negatis,
495 2088 561 2133 nou
581 2068 712 2153 quidem
731 2074 845 2151 aperte
855 2067 981 2132 bellum
1000 2065 1161 2130 adversm
1180 2063 1343 2131 Laceda-

257 2170 387 2235 mouios
402 2170 599 2235 decernunt:
622 2170 681 2235 sed
704 2168 816 2234 tacitis
837 2167 954 2233 animis
976 2173 1104 2233 motam
1122 2167 1209 2231 iram
1228 2166 1340 2233 couci·

258 2270 366 2353 piunt,
381 2276 418 2335 ut
430 2272 566 2335 subesse
579 2270 700 2335 bellum
714 2269 850 2353 intelligi
864 2275 990 2353 posset.

300 2369 390 2435 Car.
405 2387 460 2436 xr.
483 2372 515 2437 1.
531 2370 659 2435 Eodem
671 2370 738 2435 lere
750 2375 898 2455 tempore
919 2370 1057 2448 Darius,
1078 2389 1140 2436 rex
1153 2369 1337 2448 Persarum,

205 2481 209 2490 '
256 2473 415 2550 moritum
441 2469 627 2539 Artaxerxe
654 2477 690 2537 et
712 2470 801 2557 Cyro
815 2467 906 2536 'filus
928 2473 1066 2538 relictis.
1120 2471 1152 2536 2.
1184 2470 1335 2552 Regnum

255 2572 447 2652 Artaxerxi,
475 2573 563 2658 Cyro
580 2573 743 2652 civitates,
766 2592 906 2658 quarum
931 2573 1107 2657 praefectus
1127 2577 1207 2650 erat,
1233 2578 1336 2638 testa·

253 2681 367 2739 mento
387 2674 516 2758 legavit
558 2674 590 2739 8.
613 2673 681 2740 Sod
697 2673 787 2758 Cyro
806 2674 973 2760 judicium
991 2674 1094 2757 patrie
1112 2672 1228 2757 injuria
1243 2671 1335 2738 virie-

251 2776 372 2841 batur.·
413 2774 532 2859 ltaque
551 2773 718 2840 oecultefl’
731 2773 890 2841 adsumus
907 2774 1037 2838 fretam
1052 2772 1172 2836 bellum
1185 2773 1333 2854 parabat.

251 2881 283 2942 4.
306 2875 405 2956 Quod
418 2896 493 2942 cum
506 2876 709 2942 nuntiatum‘
720 2871 902 2940 Artaxerxi
915 2879 1013 2952 esset,
1028 2870 1225 2938 arcessimm
1238 2871 1282 2936 eal
1295 2890 1333 2936 se

245 3015 1330 3188 &marmoree-mimeomomoa

719 3213 882 3237 m

244 3305 259 3348 o
277 3299 348 3351 Med.
362 3301 432 3352 Laid.
442 3306 467 3354 a.
477 3306 502 3351 l.
519 3301 649 3364 evulgem.-
664 3305 693 3350 ut
704 3300 781 3364 paulo
796 3305 874 3351 aute:
898 3298 907 3328 ‘
916 3298 1048 3362 Tyrannus
1064 3296 1190 3360 emigrare
1206 3295 1328 3347 Eleusina

239 3363 363 3428 Joberet!
380 3365 467 3415 Paria.
484 3367 581 3416 Elauia
590 3365 715 3428 migrare.

276 3429 289 3474 l
308 3427 391 3476 Waaa.
402 3429 434 3478 aul
444 3429 507 3480 Sall.
518 3429 562 3480 lu.
573 3432 597 3480 7.
613 3443 646 3478 ex
663 3428 714 3479 lla.
728 3427 813 3491 Bcug.
827 3425 939 3477 rudebat
947 3426 1051 3476 matu:
1067 3437 1154 3474 verum
1166 3423 1236 3488 prlus
1246 3423 1327 3476 etiarn

242 3491 356 3541 occurrit
365 3493 388 3554 t.
399 3498 424 3542 ⁶.
435 3493 460 3543 tr.
472 3507 496 3545 c.
513 3501 541 3544 at
555 3506 616 3544 xru.
629 3498 653 3544 4.
663 3496 688 3543 8.
705 3505 762 3544 xrr.
772 3495 799 3542 4.
810 3495 852 3542 at.
868 3503 949 3543 xum.
959 3494 984 3540 ⁸.
996 3493 1070 3540 sea
1086 3487 1160 3539 laeli.
1176 3491 1201 3538 ι.
1225 3488 1326 3538 ΔΜ-

736 3627 843 3682 NO'l'AE

272 3737 287 3768 ⁸
303 3737 337 3788 A.
346 3737 384 3789 M.
394 3742 467 3790 26⁶2.
486 3739 528 3788 01.
537 3744 608 3792 tim.
626 3741 658 3791 U.
668 3742 698 3793 C.
707 3745 763 3793 8⁶1.
835 3737 972 3802 lOeeralte]
996 3738 1089 3804 Copias
1109 3738 1135 3788 iu
1153 3737 1324 3801 Hellesponto

238 3811 304 3863 Aut.
316 3813 432 3866 curuo.
804 3829 851 3879 per
872 3815 1023 3864 clearchum
1044 3813 1275 3875 Lacedaemonium,
1296 3814 1324 3863 iu

268 3894 280 3940 t
297 3887 330 3939 A.
341 3889 462 3940 lmen.
478 3891 523 3944 Ol.
531 3895 607 3944 OM.
624 3891 761 3945 liutem
801 3889 933 3939 stesaalia
942 3903 991 3952 per
999 3888 1172 3953 Aristippum,
1188 3895 1217 3938 et
1227 3888 1285 3938 aliia
1295 3888 1324 3938 iu

236 3957 299 4010 Aut.
311 3963 357 4014 Clu.
368 3967 425 4014 8⁰⁰.
800 3965 865 4014 locis
874 3979 924 4028 per
941 3965 1087 4015 Proxeuuaa
1103 3966 1216 4031 aliosque
1233 3966 1321 4030 daces,

265 4039 278 4066 ⁸
293 4035 387 4096 Im
397 4039 530 4106 ulem]
551 4043 618 4093 Nam
638 4043 760 4096 Artaxer.
799 4041 867 4090 elam
877 4039 1027 4105 colligebat.

234 4110 556 4182 xeaautallariireguum,
571 4116 699 4182 ipaevero
708 4120 760 4168 Da·
830 4123 841 4148 ⁶
868 4115 1022 4179 Nuntiatur]
1048 4115 1102 4166 Per
1126 4114 1318 4181 nuspiam

232 4181 567 4250 f¹0reaoamqmtmeran
600 4191 759 4246 Artaxerxes
795 4192 938 4259 Balraparu.

233 4238 277 4292 ¹¹¹⁰
288 4247 410 4306 Mnemeu
420 4263 614 4327 cognominatus
625 4273 674 4318 eat.
