3084 4900
620 401 829 464 Pllssffl'lo·

175 545 230 614 hd
246 551 374 616 calccm
388 549 463 616 libri
479 563 544 616 vn.
568 551 680 619 orosii
695 554 851 621 additur:

217 655 228 686 ‘
243 651 434 736 Presbyteri
448 653 502 718 hic
515 654 588 722 mit
602 655 730 722 orosii.

194 771 197 780 ’
217 751 259 816 lu
273 752 378 836 Trogi
393 756 551 840 sequitur,
566 755 692 823 lustini
705 759 852 843 epitoma
863 757 1018 824 libellus!

175 857 206 917 et
218 851 284 917 fine
300 853 535 939 Prologorum:
552 861 563 892 ‘
578 857 738 942 Explicat
752 859 951 942 Epythorna.
972 859 1096 943 Incipit
1110 859 1273 928 Praefatio

174 952 299 1018 Justlni
319 957 352 1020 in
377 957 470 1022 libris
492 959 598 1042 Trogi
618 959 775 1045 Pompeii
787 960 807 1026 ι’
829 966 928 1045 atquc
942 961 986 1026 ad
1001 961 1129 1026 calcem
1144 962 1273 1028 Pucin-

176 1055 296 1121 tionis:
319 1061 330 1092 ‘
346 1057 506 1142 Explicat
520 1060 693 1128 Praeiatio.
716 1061 947 1128 Historiarum
962 1063 1226 1147 Philippicarum
1239 1068 1273 1129 ct

176 1157 276 1222 totius
302 1159 419 1223 mundi
442 1160 605 1243 originum
630 1169 664 1228 ct
693 1169 786 1229 terrae
810 1165 896 1228 situs
922 1182 969 1228 cx
996 1163 1145 1228 historiis
1167 1164 1271 1247 Trogi

175 1257 328 1344 Pompeii
356 1260 440 1324 liber
461 1264 586 1345 primus
614 1265 783 1330 lacinia!
830 1265 872 1330 Io
893 1265 959 1329 tine
980 1265 1066 1329 hauc
1092 1265 1270 1330 formulam

176 1358 303 1425 addidit
317 1360 455 1426 Scribat
478 1361 708 1432 ‘Benedictus
724 1385 774 1445 os,
795 1367 939 1433 Domine
965 1365 1072 1445 Deus,
1097 1367 1155 1450 qui
1177 1367 1272 1452 adju·

177 1460 251 1525 visti
264 1481 330 1539 me,
346 1468 380 1527 ct
394 1465 589 1530 consolatus
605 1487 643 1532 cs
656 1467 728 1532 mc!

217 1561 287 1626 llic
312 1562 432 1630 Codex
455 1564 537 1630 olim
558 1566 623 1632 init
645 1567 864 1634 Bibliotheca
888 1568 1045 1634 Abbatiao
1069 1569 1106 1634 S.
1122 1568 1269 1634 loannis

175 1659 448 1728 Colchcstricnsis
462 1665 498 1730 in
513 1663 644 1749 Augila,
659 1673 694 1732 ct
711 1668 830 1733 deinde
853 1668 930 1733 Viri
954 1669 1150 1734 nobilissimi
1176 1675 1272 1752 atque

174 1763 209 1827 in
231 1763 337 1830 literis
366 1767 487 1830 summi
516 1765 654 1832 Nicolai
680 1761 834 1834 Heiusii:
866 1770 1051 1852 codemque
1073 1771 1109 1834 in
1129 1770 1272 1834 editione

175 1863 288 1931 Orosii
304 1866 495 1932 adornanda
508 1887 591 1934 usus
605 1868 670 1934 luit
684 1871 725 1935 cl.
737 1870 1009 1955 Havcrkampus,
1025 1890 1128 1955 aquo
1144 1871 1270 1955 primus

175 1967 502 2052 Lugdunoliatavus
515 1971 709 2055 appellatur.

214 2066 366 2147 Quantis
379 2070 494 2136 lormao
511 2070 695 2154 quadratae,
719 2073 846 2138 saeculo
864 2071 1040 2137 undecimo
1061 2078 1222 2138 exaratus
1238 2074 1271 2136 in

173 2171 375 2249 membrana,
390 2170 554 2254 Prologus
568 2155 744 2237 Librorum
758 2172 863 2255 Trogi
879 2172 1037 2257 Pompeii
1051 2178 1085 2237 ct
1098 2172 1271 2238 lustinum

107 2315 112 2330 .
174 2273 411 2357 complectitur.
462 2272 619 2355 Prologls
643 2272 828 2356 praefigitur
855 2271 931 2336 hoec
955 2273 1107 2338 rubrica:
1141 2272 1271 2338 ‘Liber

174 2373 382 2438 historiamm
398 2373 658 2459 Philippicarum
673 2381 710 2438 et
724 2374 827 2439 totius
841 2372 957 2437 mundi
971 2375 1114 2457 origines
1128 2380 1162 2439 ct
1177 2380 1270 2440 terrae

175 2475 287 2541 situst'
308 2484 344 2541 et
357 2475 423 2541 tino
438 2475 572 2558 Prologi
587 2475 715 2540 ultimi:
752 2490 933 2538 nxunrcrr
951 2491 1142 2540 rnococvs
1166 2492 1269 2541 ninas

176 2592 301 2643 xciiii.
325 2576 474 2642 lucinia·
499 2576 725 2642 Parnassio:
757 2596 799 2641 ac
826 2576 1060 2641 Praefationis:
1082 2576 1271 2643 Exrnrciu

176 2694 383 2744 sancasio.
406 2679 557 2745 lacrum·
572 2694 684 2743 crena
698 2694 860 2743 coruus:
875 2683 910 2742 ct
924 2678 967 2742 ad
981 2678 1107 2743 calcem
1120 2679 1272 2762 ejusdem

172 2780 266 2847 libri:
282 2786 293 2815 ‘
309 2780 452 2865 Pompei
464 2780 565 2864 Trogi
580 2780 759 2864 Epithoma
773 2780 985 2845 historiarum
1001 2778 1102 2844 Liber
1117 2796 1139 2843 ι.
1160 2781 1272 2863 expli-

174 2884 230 2948 cit
252 2880 403 2947 iscium
419 2883 540 2946 Ianus
558 2880 619 2963 nl,
635 2888 670 2947 ct
684 2880 750 2945 fine
765 2881 844 2945 libri
859 2896 965 2945 xciv.
988 2884 998 2913 ‘
1014 2879 1155 2964 Pompei
1169 2881 1271 2964 Trogi

174 2982 352 3069 Epithoma
366 2984 579 3048 historiarum
592 2983 673 3047 liber
688 2979 823 3047 ann.
836 2981 977 3066 explicit
992 2980 1167 3046 Felicitcr.'

219 3085 323 3151 Initio
338 3084 477 3151 Codicis
491 3090 586 3149 extat
599 3085 708 3150 Prosa
722 3083 768 3148 ad
783 3084 820 3149 S.
836 3082 1078 3148 Benedictum:

215 3188 317 3253 Pater
327 3187 466 3271 insigris
477 3186 656 3252 confessor
668 3186 863 3263 Benedicta,
877 3183 1071 3267 meritisque
1084 3184 1184 3260 clarc,
1194 3202 1270 3248 cum

260 3289 395 3355 Christo
408 3307 561 3371 regnans,

216 3392 341 3458 Preces
356 3396 486 3457 nostras
509 3392 544 3455 in
563 3390 641 3455 aula
665 3390 752 3472 regis
776 3387 891 3454 aeterni
917 3384 1067 3465 subleva,
1089 3391 1123 3452 ot
1137 3393 1271 3470 protege

258 3500 432 3577 utrumque
448 3492 607 3568 ordinem,
1203 3505 1206 3511 ·

218 3594 324 3677 Cujus
339 3594 488 3676 egregius
513 3591 653 3657 extidsti
675 3592 795 3657 doctor
817 3590 850 3655 in
870 3590 968 3654 orbo:
991 3589 1051 3653 uhi
1065 3588 1272 3654 incessanter

259 3714 322 3778 pro
335 3694 433 3758 nobis
447 3694 601 3777 supplica
615 3692 738 3771 Dcum,

217 3794 266 3861 Ut
278 3795 394 3863 felices
407 3800 516 3859 tecum
530 3811 711 3857 moramur
725 3789 850 3876 perfrui
864 3789 972 3874 gloria
985 3788 1151 3855 Paradisi.

176 3898 246 3965 Hic
272 3898 393 3964 Codex
415 3896 496 3960 olim
520 3900 711 3960 ascematus
736 3894 803 3959 fnit
824 3894 858 3957 in
880 3891 1089 3957 Bibliotheca
1111 3889 1270 3956 Abbatioe

174 4000 212 4067 S.
237 3999 414 4065 Bonedicti
439 3996 675 4074 Floriaccnsis,
709 4016 785 4079 quin
811 4001 866 4059 est
890 3994 927 4058 in
957 3992 1095 4058 Ducatu
1116 3991 1271 4056 Aurelia-

220 4203 366 4283 Quintns
385 4200 532 4285 ejusdcm
555 4198 624 4263 sere
645 4198 754 4265 atatis
775 4203 809 4263 ot
830 4196 947 4262 formae
971 4199 1024 4261 ost
1049 4212 1124 4260 cum
1143 4214 1270 4278 praco-
1345 4162 1349 4169 Ι

1519 2691 1521 2782 l
