3084 4900
278 316 346 387 ou
750 311 899 367 susurru

279 476 419 561 ptnatau
432 466 591 555 protulit3
611 464 648 529 9.
669 468 772 543 atque
796 458 846 523 ita
858 454 1001 521 advorsa
1023 444 1218 515 valentine
1242 459 1379 523 miran-

280 576 358 655 tus,⁵
388 591 456 639 non
483 570 593 635 minor
622 563 753 631 Arsace
782 574 922 644 proavo,
950 552 1099 637 gloriosa
1124 550 1297 619 mctuta
1324 538 1384 607 dcv

280 676 406 745 cassit⁶
1158 654 1164 660 ’

734 771 915 795 ΟΜ

436 890 518 934 ΛΜ
536 878 611 931 tata.
623 878 726 927 rnna.
742 880 773 949 ut
787 884 854 923 ιω.
870 874 895 919 a.
909 872 935 919 9.
957 864 1001 917 ‘A
1018 858 1188 975 Capffidocia
1207 872 1291 923 mque
1310 872 1384 908 nm

306 969 334 1001 u
354 953 415 1000 inm.
449 946 526 1009 Vntg.
539 960 591 1007 υς.
605 942 692 991 odet
709 940 796 989 Pena.
813 934 894 985 Bech.
911 932 977 979 Veu.
994 929 1063 978 utor.
1114 924 1231 975 edPar.
1242 927 1383 987 nupt-6

282 1010 476 1072 annana.
492 1018 520 1060 et
535 1006 645 1059 nica
662 1004 729 1055 coa
745 988 1277 1057 n.raraaa1r.r·nt.vng.rmar.

679 1270 976 1317 -·““““““““““““ἰ-ῃ

575 1516 581 1525 ’
671 1568 838 1648 unua
866 1563 1000 1643 xnrr.

619 1849 853 1903 namuurum
869 1843 1042 1899 CAPITUM·

329 2070 361 2137 1.
376 2064 594 2142 Mithridatis,
603 2059 800 2127 Parthorum
815 2055 917 2137 ragis,
931 2050 1022 2116 tilius
1037 2053 1072 2114 ot
1085 2064 1265 2112 successor
1276 2043 1384 2109 Phra-

287 2169 382 2235 hatos
401 2190 424 2233 a
436 2166 597 2233 militibus
616 2159 818 2227 interficitur.
861 2158 894 2221 2.
915 2152 1000 2217 Post
1020 2148 1226 2215 Artabanum
1248 2143 1383 2209 Mithri-

287 2272 396 2348 dates,
409 2266 605 2351 cognomino
630 2262 785 2345 Magnus,
807 2260 932 2339 regnat,
944 2252 1002 2336 qui
1015 2250 1138 2314 bellum
1152 2246 1251 2311 insert
1263 2244 1383 2309 Armo-

286 2371 365 2448 niae,
378 2370 475 2456 cujus
486 2368 581 2450 origo
594 2362 782 2447 exponitur,
797 2364 832 2421 ct
853 2354 952 2439 primi
970 2368 1065 2433 rogos
1078 2352 1300 2413 recensentur.
1344 2343 1381 2407 3.

286 2471 427 2536 Jasouis
449 2475 482 2536 ot
504 2465 667 2543 Armenii,
691 2460 861 2527 Armoniae
887 2452 1082 2530 conditoris,
1104 2447 1225 2531 elogia.
1267 2444 1382 2526 Tigris

286 2573 381 2636 fluvii
410 2572 514 2654 origo.
556 2569 600 2633 4.,
613 2561 803 2629 Mithridati
827 2559 936 2643 cjocto
960 2553 1091 2620 Orodes
1119 2547 1296 2624 suecessit,
1320 2545 1383 2629 qui

287 2671 477 2754 parricidiis
490 2675 525 2734 at
538 2665 693 2732 cladibus
713 2663 805 2728 domi
826 2665 859 2725 ct
882 2657 962 2724 soris
983 2653 1179 2736 exagitatur.
1223 2649 1255 2713 5.
1277 2647 1383 2713 Phra-

287 2770 389 2848 hatis,
402 2769 463 2835 tilii
478 2767 613 2844 Orodis,
630 2764 812 2849 parricidia
826 2768 861 2828 ot
873 2760 968 2825 varia
979 2757 1119 2822 fortuna
1151 2750 1322 2834 Augustus
1337 2747 1382 2812 ah

288 2889 330 2935 oo
342 2871 499 2954 captivos
513 2869 691 2934 Romanos
704 2874 742 2931 ct
755 2865 851 2948 signa
865 2859 1026 2927 militaria
1038 2853 1167 2941 repetit.

332 3207 422 3274 Car.
435 3223 460 3272 ι.
502 3207 534 3272 1.
559 3206 647 3271 Post
668 3211 806 3269 necem·
828 3198 1047 3278 Mithridatis,
1061 3195 1260 3265 Parthorum
1282 3197 1388 3280 ragis,

289 3309 473 3374 Phrahatos
488 3307 576 3370 tilius
589 3304 662 3384 ojus
674 3321 737 3367 rex
748 3303 977 3366 constituitur:
998 3299 1070 3383 qui,
1084 3317 1160 3362 cum
1176 3297 1295 3364 inferro
1308 3296 1383 3361 bel-

290 3410 373 3485 lum,
386 3408 422 3471 in
433 3407 594 3473 ultionem
607 3405 726 3468 tentati
738 3403 784 3468 ab
800 3400 964 3466 Antiocho
981 3399 1129 3466 Parthici
1149 3399 1253 3483 regui,
1272 3399 1384 3482 Syriae

290 3509 473 3586 statuisset,
487 3505 687 3590 Scytharum
701 3503 848 3569 motibus
871 3501 916 3568 ad
938 3521 999 3567 sua
1021 3499 1228 3566 defendenda
1246 3519 1385 3566 revoca-

289 3617 352 3676 tur·
393 3609 425 3674 2.
445 3606 602 3690 Namque
615 3606 765 3689 Scythae,
780 3606 816 3669 in
830 3603 994 3670 auxilium
1008 3601 1208 3668 Parthorum
1222 3601 1384 3668 adversus

293 3709 496 3776 Antiochum
509 3708 618 3792 Syriai
631 3726 743 3790 regem
766 3705 918 3770 mercede
940 3704 1111 3782 solicitati,
1129 3722 1206 3768 oum
1228 3704 1384 3772 confecto

284 3812 358 3896 jam
370 3810 462 3875 hello
484 3807 761 3892 mporvanissont,
784 3809 828 3884 et,
853 3805 1021 3870 calumnia
1038 3803 1165 3872 tardius
1179 3805 1239 3870 tati
1255 3806 1388 3884 auxilii,

783 3985 889 4038 ΝΟΜ

323 4103 336 4130 ·
351 4097 411 4148 Put
420 4099 509 4164 m]
525 4100 585 4150 Nea
599 4099 645 4152 vix
655 4114 769 4166 uncum
785 4099 818 4150 dc
857 4107 944 4151 tanen
954 4099 1010 4153 tuto
1021 4099 1162 4170 decessisse
1173 4097 1240 4150 dixit
1251 4098 1295 4150 tn.
1308 4111 1388 4164 supe·

291 4175 497 4225 nortanaturati
508 4175 621 4228 dicitur:
637 4175 817 4228 Mithridatem
857 4175 927 4227 riori.
