3084 4900
271 427 316 494 68
741 433 891 484 susm!

271 585 383 650 eradit
397 579 579 665 piscatoria
591 575 736 661 scapha:
751 575 905 660 ejusdem
918 571 1087 656 pedestris
1098 571 1268 635 exereitus
1280 571 1369 636 lame

274 685 445 764 obruitur;
474 681 564 746 nude
585 697 675 743 nova
699 677 822 744 clades.
866 677 919 740 14.
942 673 1150 750 Mardonius,
1170 672 1207 736 in
1230 671 1371 738 Boeotia

167 811 171 824 ·
274 788 318 851 ad
342 785 490 849 Plataeas
516 800 591 846 cum
616 778 730 842 Persis
756 796 778 841 a
803 776 997 841 Graeeorum
1018 773 1129 856 copiis
1149 773 1272 850 rictus,
1294 793 1369 838 eum

273 886 393 971 paucis
406 881 561 967 profugit.
604 879 733 944 Eodem
750 879 817 943 fere
839 881 1007 942 momento
1024 874 1185 939 adversus
1200 873 1323 938 Persas
1336 877 1371 939 in

273 987 359 1052 Asis
380 984 520 1050 feliciter
541 981 737 1048 dimicatum
757 986 819 1045 est.
862 979 917 1043 15.
940 976 1174 1051 Athenienses,
1192 974 1369 1057 Spartanis

272 1087 411 1164 delusis,
433 1086 547 1149 urbem
562 1101 608 1148 ex
630 1082 757 1164 integro
774 1082 971 1145 instaurant.
1015 1077 1174 1160 Spartani
1190 1075 1367 1140 Persarum

273 1187 357 1250 fines
373 1185 625 1269 depopulantur.
669 1181 856 1245 Pausaniae
867 1178 1064 1263 proditionis
1085 1197 1165 1241 reus
1178 1167 1370 1250 damnatur,

275 1289 415 1354 Xerxes
436 1304 458 1349 a
480 1283 621 1349 Cimone
642 1283 787 1378 terrestri
813 1283 994 1364 navalique
1022 1279 1141 1362 praelio
1170 1279 1286 1342 iterum
1316 1299 1371 1344 su·

276 1393 420 1473 peretur.

321 1822 409 1886 Can.
426 1837 451 1886 1.
481 1821 512 1882 1.
536 1819 576 1883 Iu
590 1817 750 1884 relations
765 1837 873 1883 rerum
888 1819 931 1883 ab
946 1814 1093 1901 Scythis·
1107 1819 1281 1897 gestarum,
1293 1835 1368 1898 quae

277 1921 362 1984 satis
382 1920 501 2003 amplae
525 1916 775 2000 magnificaeque
795 1917 937 1994 fuerunt,
958 1917 1159 2000 principium
1174 1916 1217 1978 ab
1233 1913 1370 1998 origineb

276 2020 485 2104 repetendum
500 2023 562 2082 est.
605 2017 637 2080 2.
660 2015 739 2082 Non
756 2020 844 2083 euim
858 2020 969 2083 minus
984 2018 1127 2081 illustria
1141 2017 1247 2093 initia,
1270 2035 1370 2099 quam

277 2119 460 2200 imperium,
470 2117 631 2210 habuere:
646 2133 709 2180 uec
720 2119 876 2184 virornm¹
887 2118 1007 2200 magis,
1020 2137 1120 2201 quam
1134 2117 1371 2193 foeminarum,‘

277 2219 458 2284 virtutibus
472 2219 627 2282 claruere.
670 2217 704 2282 3.
719 2215 857 2304 Quippe
872 2238 949 2285 eum
962 2219 1029 2302 ipsi
1046 2218 1205 2286 Parthos
1220 2217 1370 2282 Bactria·

277 2339 419 2405 nosque,
440 2308 590 2386 toeminee'
607 2325 719 2383 autem
740 2338 853 2384 eornm
866 2320 1195 2401 Amazonnmregna,
1218 2318 1371 2383 condide-

277 2420 361 2485 rint:
383 2422 414 2485 4.
436 2437 572 2504 prorsus
586 2426 695 2486 utres
720 2424 831 2503 gestas
854 2421 998 2486 virorum
1012 2419 1250 2505 mulierumque
1264 2419 1374 2486 oonsi-
1398 2504 1405 2513 Ι

278 2520 469 2587 derautihus
483 2520 641 2588 ine'ertum
657 2523 711 2600 sit,
732 2530 807 2587 uter
821 2523 912 2607 apud
935 2542 996 2588 eos
1010 2542 1115 2591 sexus
1129 2522 1286 2589 illustrior
1299 2523 1373 2587 lae·

219 2640 227 2653 ·
277 2623 328 2689 rit.
371 2624 404 2689 5.
420 2622 617 2706 Scytharum
632 2644 712 2706 gens
728 2625 961 2709 antiquissima
975 2643 1104 2709 semper
1117 2624 1250 2689 hahita:
1270 2643 1374 2707 quan·

280 2742 381 2807 quam
392 2723 478 2787 inter
489 2723 632 2809 Scythas
646 2731 679 2789 et
695 2726 879 2810 AEgyptios
903 2728 962 2793 diu
988 2728 1157 2792 eontentio
1180 2725 1373 2807 degeneris

279 2829 442 2889 vetustate
457 2823 572 2891 suerit:
594 2810 628 2891 6.
641 2826 814 2911 AEgyptiis
827 2828 1112 2914 praedicantibus:
1126 2826 1241 2891 ‘initio
1254 2842 1372 2903 rernm,

279 2944 353 2989 eum
370 2926 449 2991 aliae
474 2931 571 2992 terrae
593 2928 698 2993 nimio
721 2927 848 2995 fervore
862 2930 947 2997 solis
961 2930 1125 3006 arderent,
1147 2928 1223 2994 alise
1238 2928 1375 3011 rigerent

278 3024 411 3109 frigoris
424 3028 639 3106 immanitate,
661 3028 710 3094 ita
733 3035 770 3093 nt
789 3051 856 3098 nou
880 3029 984 3097 modo
999 3031 1115 3115 primae
1138 3046 1290 3112 generare
1312 3028 1374 3093 ho·

738 3190 919 3211 ‘m

311 3269 324 3316 1
336 3266 440 3333 Vulpr.
448 3270 553 3333 imperio.
571 3270 632 3334 lurp.
641 3270 762 3336 ignorant
771 3272 846 3324 laid.
856 3278 881 3324 1.
894 3276 958 3339 Reg.
968 3274 1070 3325 Thoen.
1079 3272 1157 3323 Bodl.
1168 3272 1325 3324 sarracon
1336 3272 1373 3324 tl.

701 3424 703 3433 ’
772 3418 882 3469 Nom

310 3528 322 3556 ¹
334 3521 422 3571 Rerum
432 3522 461 3571 oh
474 3522 578 3589 Scythis,
586 3525 640 3589 tra]
650 3527 806 3591 Scytharum
847 3546 875 3583 se
886 3533 1039 3597 populorum
1052 3530 1239 3597 antiquissimae
1250 3536 1374 3594 putarunt

276 3595 402 3661 originem
421 3604 448 3647 et
466 3613 507 3650 res
526 3610 612 3665 gestas
622 3601 765 3653 fabularum
776 3605 806 3653 li·
846 3608 973 3673 AEgyptii,
991 3609 1172 3673 hominumque
1189 3622 1267 3671 geom
1283 3608 1373 3657 eNilo

279 3674 365 3723 centia
376 3675 500 3737 corrupit·
846 3682 957 3748 benigna
974 3683 1084 3749 quedem
1103 3683 1195 3733 caloris
1211 3681 1373 3746 humorisque

311 3748 322 3782 ὓ
346 3748 385 3799 At
405 3749 509 3813 origine]
525 3750 659 3813 originem
674 3751 773 3805 ducunt
791 3768 808 3804 e
848 3760 974 3822 temperie
984 3759 1146 3823 productum.
1162 3757 1239 3807 Dlnd.
1269 3756 1345 3806 Unde
1355 3772 1373 3807 e

278 3826 385 3889 hlogog,
402 3826 446 3891 qni
474 3825 543 3877 inter
559 3826 666 3891 Japlreti
681 3827 748 3879 filios
768 3842 806 3877 se·
848 3834 930 3899 primo
940 3848 1002 3899 rege
1013 3834 1047 3884 ed
1056 3833 1153 3885 Sethou
1168 3832 1302 3898 progenies
1313 3836 1371 3883 ul.

279 3901 378 3950 enudus
389 3900 448 3951 fuit·
848 3909 1010 3975 totidemque
1029 3907 1165 3973 pontifices
1183 3923 1214 3957 ae
1236 3922 1309 3971 reges
1326 3922 1373 3957 nu·

312 3984 323 4010 ⁸
340 3976 509 4040 Feminarum]
525 3977 670 4029 Amazones
678 3978 810 4043 iutelligit,
848 3986 993 4045 merebant,
1011 3983 1078 4049 quod
1098 3983 1187 4033 decem
1203 3983 1283 4031 millia
1292 3996 1371 4033 anue-

280 4054 397 4105 rictoriis
410 4061 466 4105 toto
477 4056 540 4105 orbe
553 4054 679 4107 celebres.
848 4076 904 4112 rum
923 4059 1014 4120 efficit,
1030 4066 1059 4110 et
1075 4059 1110 4109 ah
1120 4059 1234 4109 Romule
1248 4058 1371 4122 AEgyprto

312 4129 325 4163 ⁴¹
350 4128 461 4193 Parthas]
479 4130 531 4183 Qui
550 4130 692 4195 Hyrcanis,
712 4131 809 4196 Medis,
848 4138 882 4188 ad
895 4147 982 4201 regem
993 4136 1107 4187 Amasim
1124 4147 1243 4185 mnarum
1258 4142 1369 4197 septem·

282 4212 310 4256 et
321 4206 407 4255 Persis
420 4215 480 4256 sunt
491 4206 602 4259 finitimi.
620 4210 733 4260 corma.
848 4212 931 4263 decim
941 4212 1027 4262 millis.
1046 4208 1142 4261 Herod.
1164 4212 1229 4264 Ques
1240 4225 1313 4275 quem
1323 4210 1369 4261 eh·

313 4280 662 4349 weyptinpraeutemthu]
687 4284 808 4335 omniun
848 4286 1223 4353 sardanasquirnonvidet?
1316 4298 1320 4305 ·
