3084 4900
234 367 280 434 dd
494 377 726 430 rasounsrs
753 376 800 422 nr
822 374 1068 424 resrrnourn.

237 527 288 592 sic
303 523 442 610 incipit:
465 523 663 610 ‘Principio
676 519 807 600 rerum,'
826 523 888 586 tm.
910 515 1028 583 Paullo
1041 529 1123 603 post.
1167 517 1332 598 Qualibet

236 628 345 692 sulem
358 624 425 692 nde
438 643 557 702 mum,
572 623 626 690 rel
641 625 718 702 inte,
728 623 781 688 vel
793 621 936 704 Trogus,
945 621 1136 704 scripserit:
1150 641 1227 686 nam
1236 643 1332 706 qnae·

236 727 315 794 dam
328 726 405 792 illos
416 725 519 792 fuisse
531 727 698 803 mentitos,
723 725 800 790 alim
813 723 982 789 fideliores
995 723 1120 788 litterae
1131 723 1333 788 ostendunt:

236 835 371 896 constat
382 835 504 906 tomen,
514 833 548 893 et
561 828 648 892 inter
662 827 747 892 alios
762 825 952 909 scriptores,
962 844 1100 906 regnum
1113 823 1331 909 Assyriorum

236 949 258 996 a
277 929 368 996 Nino
379 949 454 1014 rege
466 931 568 996 luisse
583 929 680 1012 longe
695 928 827 1012 lateque
839 933 1036 1012 porrectum.
1283 951 1288 960 ·

238 1127 405 1196 onustus
422 1127 496 1194 niu.
513 1143 536 1192 ι.
550 1145 626 1209 cap.
640 1124 672 1192 8.
686 1124 730 1190 de
745 1125 851 1193 Fumo
865 1124 1015 1210 AEgypti,
1036 1125 1092 1190 cui
1105 1123 1237 1209 Josepb
1251 1126 1331 1192 sob-

733 1225 833 1292 venit.

280 1363 462 1448 Pompeius
476 1362 667 1441 historicus,
681 1361 820 1447 ejusque
833 1363 1001 1426 breviator
1014 1359 1186 1441 «lustinus,
1201 1361 1307 1428 docet

703 1541 789 1626 Cap.
805 1542 857 1604 10.

280 1675 341 1746 Ait
354 1677 441 1744 enim
458 1677 640 1760 Pompeius
663 1679 735 1741 sive
759 1675 917 1741 sustines
942 1675 1008 1739 boc
1034 1675 1154 1740 modo:
1177 1676 1329 1760 AEgyptii

239 1797 313 1844 cum
331 1777 482 1843 scabiem
494 1784 527 1842 et
542 1776 745 1858 vitiliginem,
756 1779 816 1840 &n

271 1927 337 1982 Qun
355 1931 461 1978 enrltut
475 1924 521 2001 lib.
535 1935 630 2000 Ιιιιιι.
647 1921 753 1974 Justloi.
785 1921 956 1998 Trmscripslt
966 1893 1054 1998 autem
1064 1922 1173 1998 ΙΟιοιίιιι
1180 1923 1213 1972 sd
1224 1923 1331 1976 verbero

238 1993 359 2070 ploraque
372 2005 404 2040 ex
421 1990 524 2041 Jurtrno
536 2001 562 2037 ιιι
574 2002 644 2036 sunm
657 1985 805 2036 ormestnm
817 1985 921 2034 mnndi:
939 1994 976 2035 ιιι
987 2001 1054 2036 curm
1066 2001 1091 2036 ιιι
1109 1987 1173 2038 bles.
1183 1988 1332 2039 inscribitur

237 2055 315 2120 rprlur
326 2054 440 2104 blslorla.

269 2117 338 2188 vids
348 2119 377 2170 c.
388 2115 523 2167 Barlbluru
536 2114 645 2165 Advsra
655 2125 752 2164 xxxvi.
763 2125 874 2163 mvn.
889 2113 992 2162 Berua.

624 2276 644 2319 ¹*
668 2275 741 2342 Lib.
757 2292 808 2340 ιν.
825 2277 944 2358 camd.

282 2413 327 2481 Et
341 2411 497 2499 quoniam
513 2429 556 2475 ex
571 2410 636 2477 boc
655 2408 728 2494 jam
743 2409 877 2475 Punica
889 2409 980 2477 bella
995 2410 1192 2491 succedunt,
1214 2434 1265 2481 res
1278 2415 1331 2498 ip-

238 2534 277 2581 so
291 2515 408 2599 exigit,
422 2520 460 2579 ut
474 2513 516 2577 de
531 2511 739 2593 Cartbagine,
768 2530 846 2595 quae
861 2516 936 2577 aute
951 2514 1065 2578 orbem
1080 2513 1228 2581 Romam
1241 2516 1331 2583 dnos

238 2624 272 2681 ct
287 2616 499 2699 septuaginta
519 2632 624 2679 annos
645 2613 689 2677 ab
712 2611 809 2677 Elisa
833 2612 967 2679 condita
991 2615 1163 2694 invenitur,
1192 2617 1331 2701 ejusque

238 2716 393 2781 cladibus
418 2734 458 2781 ac
474 2712 664 2779 domesticis
689 2712 798 2791 malis,
821 2713 911 2778 sient
935 2714 1117 2799 Pompeius
1142 2716 1270 2801 Trogus
1294 2726 1330 2783 et

237 2814 390 2883 tustinus
402 2816 601 2899 exprimunt,
616 2814 668 2877 vol
681 2832 792 2896 pauca
803 2812 993 2880 reserantur.

700 2980 722 3023 ⁴*
745 2978 883 3045 Ibidem.

280 3118 402 3203 Itaque
416 3114 705 3200 Carthaginienses
728 3116 879 3182 adversis
903 3117 981 3182 Diis
1005 3124 1140 3202 propter
1163 3116 1330 3202 ejusmodi

238 3237 346 3297 sacra,
361 3219 452 3283 sicut
465 3217 649 3302 Pompeius
663 3217 798 3301 'l'rogus
821 3224 857 3283 et
883 3217 1039 3285 lustinus
1063 3219 1221 3298 intentur,
1243 3222 1330 3287 sicud

238 3324 346 3385 autem
363 3318 455 3403 opud
476 3338 539 3384 nos
555 3327 699 3398 constat,
723 3326 862 3404 propter
884 3319 1154 3403 praesumtionem
1177 3322 1329 3405 impieta·

238 3424 369 3507 temque
392 3420 541 3504 ipsorum
568 3420 655 3485 usto
679 3420 765 3498 Deo,
793 3440 869 3485 cum
893 3421 950 3486 diu
974 3420 1151 3488 infeliciter
1173 3424 1333 3491 dimicas«

237 3526 323 3597 sent,
338 3522 397 3585 isc.

600 3670 621 3712 *
645 3669 718 3733 Lib.
734 3686 800 3734 vn.
823 3690 899 3755 cap.
914 3672 966 3737 27.
1055 3747 1059 3755 ¹

282 3800 321 3863 In
335 3800 442 3883 primo
456 3800 572 3867 libello
588 3804 776 3885 expositum
800 3822 824 3871 a
842 3804 941 3869 nobis
952 3810 1016 3882 est,
1033 3803 1232 3888 Pompeium
1244 3804 1329 3871 'l'ro

114 3894 135 3923 ⁸
237 3918 313 3981 gum
328 3910 363 3967 et
377 3901 567 3970 Cornelium
581 3902 738 3969 Tacitum
754 3924 1041 3985 commemorasse,
1063 3924 1131 3971 non
1145 3907 1241 3991 plene
1255 3908 1328 3991 qui-

237 3998 488 4167 iem’gostmm
504 4022 583 4069 vero
605 4002 746 4089 Moysen
769 4004 869 4069 etiam
886 4005 1031 4089 insonum
1045 4006 1233 4071 testimonio
1247 4006 1329 4071 lide·

250 4118 312 4175 em,
358 4122 385 4167 c.
