3084 4900
457 1781 511 1852 A.
574 1779 1056 1864 GRONOVIUS·

205 2268 730 2360 Turuumurrbrmeexactum
741 2296 1302 2378 estexquoderecndeudoJusti·

207 2413 250 2461 uo
264 2413 398 2461 mecum
411 2413 510 2477 agere
531 2394 634 2478 coepit
652 2395 857 2480 Bibliopola,
879 2398 935 2463 cui
948 2397 1062 2464 deesse
1075 2398 1142 2464 bac
1155 2400 1191 2465 in
1211 2407 1304 2486 parte

207 2498 314 2575 nolui,
336 2516 415 2562 cum
446 2496 555 2580 ipsius
580 2497 809 2580 rogationibus
834 2498 1028 2565 accederent
1055 2502 1304 2569 exhortationes

209 2597 363 2665 Paterna
376 2622 390 2671 z,
414 2597 476 2663 sed
490 2597 616 2682 prelum
629 2596 906 2669 uondumardere
920 2601 1097 2685 inceperat,
1114 2604 1195 2687 quin
1209 2605 1304 2671 triste

208 2701 315 2775 fatum
329 2700 443 2765 domui
458 2706 585 2765 uostrae
598 2699 770 2779 imminens
786 2699 943 2767 servorem
955 2722 1066 2768 meum
1078 2704 1303 2788 lacrymisex·

209 2803 381 2887 tingueret.
425 2801 575 2867 Primum
603 2802 692 2867 enim
713 2802 880 2886 necopina
904 2804 1143 2871 amantissima
1169 2806 1305 2877 Soteris

209 2922 301 2968 mors
319 2922 380 2971 ,me
400 2903 615 2987 percellebat;
632 2905 727 2991 cujus
747 2904 953 2971 acerbissimi
977 2906 1105 2973 doloris
1132 2908 1303 2974 cumulum

210 3024 294 3071 mox
307 3006 503 3071 intendebat
519 3006 783 3071 luctuosissimus
804 3005 960 3071 Parentis
982 3008 1106 3087 obitus,
1125 3010 1184 3091 qui
1197 3008 1303 3073 intau-

211 3106 290 3173 daru
315 3106 540 3191 aegritudinem
567 3106 649 3171 mibi
671 3106 802 3173 indixit.
845 3105 1073 3193 Posteaquam
1103 3126 1184 3173 vero
1209 3109 1304 3175 dolor

211 3208 376 3290 paulatim
386 3208 567 3286 remiserat,
581 3207 672 3275 etad
687 3209 834 3291 aliquem
847 3209 984 3274 modurn
1000 3228 1112 3293 operae
1131 3229 1304 3293 processe·

210 3315 297 3386 rant,
311 3309 423 3374 subito
433 3310 550 3375 iterum
561 3309 711 3373 cesmvit
723 3311 878 3393 inceptus
887 3328 1023 3379 cursus:
1046 3328 1134 3387 uam,
1155 3330 1231 3375 cum
1252 3312 1304 3377 iu·

210 3410 330 3493 primis
340 3412 502 3495 majorum
517 3410 654 3493 vestigia
665 3409 848 3492 premenda
859 3428 935 3475 esse
944 3412 1115 3495 proposui,
1129 3411 1213 3479 nibil
1222 3412 1304 3479 mihi

211 3510 458 3579 conducibilius
472 3511 543 3575 fore
553 3510 756 3590 existimavi,
770 3529 871 3595 quarn
884 3512 1003 3581 itinere
1015 3513 1128 3596 aliquo
1142 3514 1303 3593 coguitio-

211 3630 290 3677 nem
303 3630 412 3677 meam
424 3614 595 3679 instruere.
639 3612 709 3677 Hic
722 3612 834 3683 ferror
845 3615 941 3679 mein
955 3613 1163 3683 Britanniam
1170 3614 1302 3694 detuiit;

209 3732 290 3799 quae
302 3714 393 3798 regio
405 3732 475 3780 nou
488 3718 616 3781 tautum
638 3715 911 3799 expectationem
931 3730 1039 3779 meam
1059 3715 1209 3798 implevit
1223 3732 1303 3797 pro-

209 3812 284 3879 lixa
298 3815 501 3897 benignitate
520 3821 554 3880 et
575 3816 731 3881 comitate
745 3815 939 3895 incolarum,
952 3834 1070 3886 verum
1089 3816 1201 3893 edam,
1225 3834 1303 3887 cum

210 3913 298 3979 ultra
319 3920 396 3981 vota
414 3914 702 3981 refertissimarum
725 3916 1011 3987 Bibliothecarum
1028 3916 1145 4000 janua
1157 3914 1238 3981 mibi
1252 3915 1303 3981 fa·

209 4014 330 4086 cillimc
343 4016 561 4101 aperirentur,
576 4023 610 4082 et
620 4017 819 4101 soriptcrum
832 4018 992 4083 librorum
1005 4016 1187 4101 penetralia
1208 4022 1303 4100 pate·

208 4124 292 4197 rent,
308 4118 436 4185 diebus
450 4136 553 4200 quam
570 4118 779 4187 decreveram
790 4118 938 4184 detinuit.
982 4116 1149 4196 Quoniam
1162 4136 1241 4184 vero
1254 4124 1303 4185 tot

206 4218 450 4292 benevolentia
462 4218 833 4305 officiaundiqueiume
846 4218 971 4289 collata
980 4236 1138 4301 amoueo,
1151 4218 1301 4302 gratissi·
