3084 4900
226 344 292 410 264
696 361 847 410 susurru

228 506 361 572 deesset
373 523 519 588 pompae,
533 504 700 588 elephanti
720 521 853 588 queque
867 510 900 569 et
914 503 1040 570 auxilia
1055 506 1228 572 orientalia
1240 509 1320 572 suh-

228 614 421 691 sequnntur.
477 606 529 672 19.
549 606 661 671 Tanto
696 607 867 690 pulchrior
902 607 975 672 haec
1008 606 1190 690 Antigono,
1217 627 1317 691 quam

229 706 423 773 Alexandro
432 713 482 773 tot
491 709 640 774 victoriae
652 707 798 789 fuerunt3
812 715 943 786 ut,cum
953 709 1010 773 ille
1023 709 1183 773 orientem
1190 709 1317 786 vicerit,

225 809 281 874 hic
296 810 395 873 etiam
416 827 487 887 eos,
510 829 532 873 a
553 810 676 892 quihus
697 811 806 874 oriens
827 810 937 875 vietus
958 808 1077 888 inerat,
1098 811 1317 894 superaverit.

226 913 281 978 20.
304 911 407 993 Igitur
431 910 622 994 Antigonus
644 911 826 976 domitores
851 912 927 976 illos
949 911 1039 976 orhis
1065 913 1228 976 exercitui
1254 930 1317 976 suo

225 1012 354 1091 dividit,
376 1010 525 1076 'redditis
547 1031 625 1094 qnae
647 1012 682 1074 in
702 1012 846 1076 victoria
867 1017 1009 1094 ceperat.
1067 1011 1123 1075 21.
1145 998 1317 1076 Eumenen

224 1133 317 1191 uero,
332 1112 529 1178 verecundia
542 1113 663 1195 prioris
677 1113 849 1189 amicitiae,
870 1112 905 1175 in
920 1117 1136 1194 conspectum
1148 1131 1245 1176 snum
1259 1132 1317 1176 ve-

224 1216 293 1280 nire
306 1214 519 1299 prohibitum,
536 1215 697 1296 assignari
710 1214 907 1279 custodibus
921 1213 1101 1297 praecepit·⁸
1109 1220 1119 1249 ¹
1169 1249 1171 1252 -

268 1315 358 1382 err.
373 1333 407 1378 v.
450 1315 483 1380 1.
506 1314 638 1380 Interea
663 1316 842 1401 Eurydice,
871 1333 961 1379 uxor
987 1313 1117 1378 Aridaei
1146 1315 1246 1398 regis,
1276 1323 1315 1380 ut

226 1416 495 1500 Polyperchonte
509 1435 530 1481 a
543 1415 680 1482 Graecia
693 1417 819 1484 rediret
836 1419 869 1482 in
890 1414 1127 1480 Macedoniam
1147 1417 1317 1498 coguovit,
1378 1417 1386 1422 '

225 1524 258 1583 et
281 1518 325 1582 ab
348 1537 391 1581 eo
414 1517 621 1582 arcessitam
634 1517 867 1601 Olympiada,¹¹
887 1517 920 1582 2.
935 1516 1091 1581 muliebri
1111 1516 1317 1582 aemulatione

226 1621 389 1702 perculsa,
410 1621 549 1684 abutens
564 1619 757 1684 valetudine
772 1618 869 1696 viri,‘
889 1617 988 1701 eujus
1002 1615 1115 1682 officia
1130 1618 1196 1682 sihi
1211 1617 1319 1682 vindi·

225 1722 333 1799 cahat,
358 1722 490 1785 scribit*
512 1720 602 1802 regis
621 1720 755 1784 nomine
769 1719 1038 1803 Polyperchonti,
1059 1719 1090 1782 3.
1107 1717 1319 1786 ‘Cassandro

226 1823 410 1886 exercitum
421 1821 542 1899 tradat,
556 1821 699 1905 inquam
709 1823 802 1903 regni
814 1821 1133 1884 administrationem
1143 1839 1202 1883 rex
1215 1827 1319 1884 trans·
1349 1865 1353 1872 -

226 1922 333 1986 tulerit
342 1921 362 1986 :'
382 1920 497 1985 eadem
514 1928 551 1985 et
565 1922 598 1984 in
611 1920 729 1985 Asiam
744 1919 912 2002 Antigono
928 1941 990 2004 per
1003 1921 1162 2005 epistolas
1176 1921 1317 1986 nuntiat.

225 2022 257 2085 4.
280 2020 358 2100 Quo
370 2022 532 2087 beneficio
553 2021 726 2088 devinctus
742 2022 932 2088 Cassander
953 2023 1035 2087 nihil
1049 2042 1116 2086 non
1127 2041 1170 2087 ex
1183 2022 1319 2086 arbitrio

225 2122 395 2187 muliebris
410 2123 563 2189 audaciae
576 2125 673 2205 gerit.
717 2126 749 2186 5.
771 2123 903 2189 Deinde
914 2123 1088 2206 profectus
1101 2123 1136 2187 in
1151 2123 1319 2188 Graeciam
1342 2181 1350 2196 ,

225 2224 337 2288 multis
351 2223 544 2288 civitatibus
556 2215 683 2288 bellurn
696 2223 810 2288 infert:
838 2227 870 2289 6.
892 2243 1033 2308 quarum
1048 2224 1199 2301 excidio,
1216 2224 1320 2288 veluti

225 2325 339 2388 vicium
352 2323 518 2402 incendio,
529 2325 632 2388 territi
644 2324 814 2407 Spartani,
825 2325 941 2389 urbem
952 2343 1051 2407 quam
1061 2342 1195 2407 semper
1205 2319 1332 2402 armis,'

225 2444 293 2489 non
312 2427 449 2505 muris,'
470 2425 693 2506 defenderant,
715 2431 785 2493 tum
806 2431 918 2491 contra
937 2443 1100 2510 responsa
1121 2425 1264 2491 fatorum
1286 2431 1320 2492 et

226 2532 369 2590 veterem
383 2527 546 2611 majorum
559 2527 711 2609 gloriam,
732 2528 835 2592 armis
849 2526 960 2605 diffisi,
974 2544 1142 2591 murorum
1158 2527 1318 2609 praesidio

225 2625 408 2691 includunt.
452 2628 485 2691 7.
507 2628 653 2692 Tantum
668 2647 726 2693 eos
751 2628 1005 2709 degeneravisse
1022 2646 1044 2691 a
1056 2626 1248 2711 majeribus
1268 2636 1318 2706 ut,

230 2839 237 2853 ·
259 2776 267 2807 ¹
284 2776 411 2823 Essuesesr
421 2775 523 2824 tradidit
534 2779 672 2851 serraradica
682 2778 828 2852 essedihss:
845 2778 921 2827 uetuit
933 2777 996 2827 errius
1007 2792 1059 2827 ears
1069 2792 1147 2827 corase
1157 2778 1251 2842 «napi,
1265 2779 1320 2842 quia

225 2839 951 3016 Zffloemfflmmfflffham
961 2902 1121 2955 museum
1132 2906 1218 2955 aare
1228 2906 1321 2956 aare

720 3066 828 3118 NOTAE

228 3174 545 3227 sumsirurucomhussit.
560 3176 716 3229 Hsclliod.
794 3194 849 3229 reru
870 3185 1015 3243 occupata;
1041 3193 1117 3244 quam
1145 3192 1203 3229 enm
1222 3176 1320 3227 frustra

259 3250 427 3299 'Csueds’hss
448 3251 571 3315 proeceps't]
598 3251 753 3317 Antigonus,
794 3254 940 3305 obsedisset
952 3255 1157 3318 Polyaperchon,
1176 3253 1264 3303 Graeci
1275 3266 1320 3317 ps·

225 3326 384 3386 Demetrius,
393 3332 421 3375 et
428 3326 563 3376 Nearchus
572 3327 754 3379 sboccidendo
794 3342 850 3380 cem
861 3344 920 3379 cum
932 3328 1079 3378 Cassandra
1089 3328 1210 3377 inierunt.

226 3402 342 3452 Eumene
359 3400 548 3452 abhorrebant:
565 3402 613 3452 sed
630 3405 754 3469 Argyras-
827 3403 1001 3453 'Arcesilam
1020 3401 1174 3466 Olympiade]
1206 3402 1271 3453 Cum
1283 3403 1320 3454 0-

187 3539 189 3542 ,
226 3475 316 3541 pidum
337 3475 457 3539 precihus
481 3482 509 3526 et
535 3478 647 3541 querelis
670 3480 754 3530 rictus
794 3478 976 3543 lympisdluou
985 3477 1114 3527 benacum
1125 3476 1253 3540 Eurydice
1261 3492 1323 3529 een·

226 3551 371 3616 Antigenus
398 3551 494 3616 inedia,
527 3553 587 3603 cibe
611 3555 755 3619 subtracto,
795 3553 905 3616 reniret,
923 3566 1024 3601 eenrex
1041 3550 1193 3615 Epiro‚qno
1209 3550 1322 3618 fugeret,

225 3642 283 3677 enm
300 3628 415 3677 consumi
421 3627 514 3692 jussit:
531 3641 590 3678 cum
601 3636 688 3679 taruco
697 3644 754 3679 ess·
795 3627 890 3678 idcirco
899 3627 1026 3690 evocarit,
1045 3634 1074 3677 nt
1085 3626 1153 3675 illius
1165 3628 1322 3680 auctoritate

224 3708 266 3752 trs
276 3703 309 3752 ds
318 3707 428 3765 repente
437 3700 753 3767 movendeessentsgre·
794 3709 882 3766 partes
890 3717 950 3752 suas
962 3708 1088 3751 tueretur.

226 3777 297 3841 gsrio
304 3777 395 3838 milite,
402 3776 483 3826 inscio
489 3775 629 3841 Antigono,
635 3778 657 3826 si
663 3778 751 3828 Probo
824 3778 1006 3834 1111117111.
1023 3778 1066 3829 01.
1075 3782 1130 3829 uu.
1140 3782 1163 3829 1.
1182 3779 1321 3832 11.0.111.

226 3850 364 3915 credimus,
383 3853 512 3902 Eumenes
534 3852 679 3902 trucidatus
700 3860 750 3916 est,
793 3853 856 3904 Ant.
867 3854 914 3905 Ch.
925 3858 983 3903 111.

226 3940 372 3990 corpusque
384 3940 533 3976 cencessum
544 3927 641 3978 smicis.
824 3936 841 3961 '
857 3928 1009 3992 Nemesis]
1026 3928 1066 3977 Ex
1078 3928 1193 3994 Lycurgi
1205 3944 1321 3996 praecep·

258 4001 414 4051 ‘aureae
422 4000 513 4065 redire]
545 4001 702 4067 Cassander,
717 4018 751 4054 se·
793 4003 888 4068 tis,per
898 4008 954 4054 101.
967 4018 1048 4054 annos
1058 4004 1134 4055 nullis
1144 4006 1224 4055 muris
1234 4007 1321 4057 cineta

224 4076 367 4143 greierens
379 4083 517 4140 psternsm
527 4077 680 4141 dignitatem
699 4094 752 4129 ces-
790 4078 842 4130 fuit
862 4080 1047 4130 lacedemone
1072 4080 1116 4129 sed
1138 4086 1197 4144 pest
1219 4082 1321 4132 cladem
1395 4070 1400 4079 ’

224 4154 289 4203 sisse
301 4152 525 4221 Polysperchouti,
543 4155 610 4205 elsm
627 4154 660 4203 sd
676 4154 752 4206 And·
792 4156 969 4219 Leuctricam,
989 4156 1101 4206 instante
1129 4156 1317 4221 Epaminonda,

226 4242 320 4295 genum
331 4229 408 4292 fugit,
427 4228 626 4295 Munyehlaper
638 4232 751 4282 Nicsne·
791 4238 875 4283 metus
889 4231 1030 4297 Spartanos
1048 4230 1135 4295 codgit
1154 4230 1320 4283 tumultuarie
