3084 4900
723 407 875 458 susurru

651 819 819 902 LIBER
847 819 949 898 Xll.

588 1101 824 1156 nnnvtamtnt
840 1101 1013 1155 caenum.

292 1289 325 1355 1.
340 1288 527 1356 Alexandri
542 1289 577 1354 in
591 1289 765 1356 menneo
780 1290 887 1355 milite
905 1290 1054 1355 solertia.
1098 1287 1212 1354 Graeci
1225 1287 1350 1353 bellum

250 1393 390 1458 absente
403 1390 601 1458 Alexandro
611 1398 776 1477 reparant.
818 1393 853 1458 2.
879 1391 1076 1472 Alexandri,
1091 1391 1182 1476 regis
1197 1391 1303 1476 Epiri,
1317 1392 1352 1455 in

249 1495 387 1562 ltaliam
403 1495 634 1580 expeditio,et
644 1495 796 1580 ejusdem
809 1497 969 1563 interitus.
1012 1496 1147 1580 Scythae
1160 1495 1351 1581 Zopyrioua

251 1600 439 1667 Alexandri
467 1600 663 1686 prefectum
693 1607 731 1668 et
760 1602 944 1666 excretum
980 1600 1200 1665 biternecione
1230 1597 1352 1664 delent.

247 1703 283 1771 3.
305 1702 490 1769 Alexandri
510 1703 693 1781 simulatio,
707 1703 859 1782 ambitio,
873 1723 950 1770 cum
965 1701 1132 1767 'lbalestri
1147 1701 1352 1778 concubitus,

249 1806 365 1886 libido,
377 1815 415 1872 et
427 1806 572 1872 luxuria.
602 1807 636 1872 4.
652 1807 734 1886 Qua
745 1807 877 1873 meone
891 1805 1102 1873 Macedonas
1117 1803 1353 1870 tumultuantes

249 1910 286 1973 in
303 1907 416 1974 officio
428 1909 635 1976 confinnerit
677 1910 710 1976 a.
725 1909 768 1976 Iu
782 1929 863 1976 suos
877 1911 988 1990 sevit,
1003 1915 1037 1975 et
1048 1907 1276 1974 no'va'ratione
1293 1901 1353 1971 ad-

250 2010 418 2076 versarios
440 2010 630 2091 ulciscitur3
650 2014 799 2098 populna
823 2013 869 2080 ad
884 2013 1077 2079 Caucasum
1097 2017 1245 2076 montem
1260 1999 1356 2075 subi-¹

249 2115 308 2194 git,
322 2119 357 2179 et
367 2113 508 2180 &ecum
521 2114 617 2180 Darii
631 2109 875 2182 interfectorem
885 2116 979 2182 butri
987 2115 1084 2181 Darii
1092 2111 1351 2179 excruciandum

250 2217 365 2282 tradit.
390 2217 424 2282 6.
439 2214 480 2280 ln
492 2218 651 2302 convivio
661 2219 808 2284 accidat
819 2218 942 2285 Clitum
953 2219 1112 2294 amicum,
1124 2235 1224 2302 quem
1233 2216 1354 2281 frustra

229 2329 234 2338 ’
252 2321 430 2400 desiderat,
447 2321 581 2406 peccati
594 2340 671 2387 sera
684 2322 886 2406 poenitentia
896 2321 1026 2387 ductus.
1070 2321 1103 2386 7.
1118 2317 1175 2384 Ad
1185 2317 1354 2402 ingenium

251 2443 418 2502 reversus,
447 2424 480 2489 in
507 2423 692 2509 prudentae
720 2423 934 2491 constbanoe
962 2423 1078 2491 savit:
1116 2422 1162 2488 ed
1196 2422 1354 2488 edentem

251 2529 370 2591 statuit
387 2527 520 2609 imperii
533 2528 658 2592 limites
673 2548 683 2592 ε
718 2527 846 2593 Baccbi
864 2526 1021 2609 vestigiis
1041 2526 1243 2592 delectatur:
1267 2522 1355 2589 Her·

251 2628 406 2710 cutisque
417 2632 513 2709 gesta
526 2648 682 2714 superare
696 2628 877 2697 contendit.
920 2627 953 2694 8.
974 2628 1098 2695 Porum
1111 2628 1228 2715 praelio
1241 2646 1355 2713 euper-

252 2738 346 2793 atum
361 2730 452 2812 regie
474 2731 607 2815 excipit
630 2740 667 2797 et
681 2732 837 2799 dimittit:
859 2732 971 2799 multis
984 2731 1119 2816 populis
1138 2730 1353 2817 expugnatis,

252 2832 400 2915 quietem
414 2832 579 2898 exercitui
593 2833 779 2899 concedere
803 2835 891 2899 velle
911 2832 1050 2900 videon.
1092 2834 1124 2898 9.
1143 2834 1264 2901 Denuo
1286 2834 1355 2899 bel·

250 2936 322 3001 lum
336 2937 509 3003 instaurat.
555 2936 595 3001 ln
610 2936 868 3023 Sugambrorum
883 2938 965 3005 urbe
981 2934 1023 3002 de
1038 2936 1108 3003 vita
1122 2942 1229 3004 certat
1249 2942 1282 3005 et
1294 2955 1354 3021 pe·

251 3040 421 3106 riclitatur.
465 3040 519 3106 lo.
543 3038 673 3107 Oceani
687 3041 804 3107 littora
817 3047 982 3127 peragrat,
998 3043 1033 3105 et
1050 3040 1208 3105 terminon
1222 3038 1354 3125 imperii

251 3144 390 3209 statuit:
415 3142 640 3229 Babyloniam
654 3164 813 3211 reversus
839 3144 1018 3231 prefectos
1042 3141 1185 3210 devictis
1204 3140 1355 3227 gentffim

252 3252 433 3313 accusatos
448 3247 518 3312 uita
540 3247 662 3331 privat,
676 3253 713 3313 ct
735 3247 840 3313 iliam
866 3247 962 3314 Darii
987 3246 1021 3311 in
1044 3246 1291 3313 matrimonium
1304 3264 1354 3309 re-

252 3346 346 3429 cipit.
390 3347 446 3413 11.
469 3346 689 3428 Liberalitas,
702 3348 942 3431 munificentia,
957 3356 993 3416 et
1015 3348 1173 3416 severitas
1188 3346 1353 3435 ejusdcm.

252 3447 306 3511 12.
318 3446 398 3525 Qua
411 3450 540 3515 ratione
561 3449 772 3515 Macedonas
787 3449 970 3517 seditiosos
992 3450 1037 3517 ad
1053 3448 1201 3517 officium
1213 3466 1354 3515 reuoca·

251 3550 346 3616 verit.
389 3547 648 3637 Hephaestionis
674 3553 790 3621 obitas
814 3560 850 3620 et
876 3554 1035 3621 tumulae.
1077 3552 1130 3619 18.
1157 3552 1249 3617 Dum
1262 3551 1355 3617 occi-

254 3654 405 3721 dentalee
419 3655 605 3741 provinciae
615 3675 737 3723 manue
750 3656 936 3743 pouigunt,
948 3656 1139 3725 Alexander
1146 3654 1356 3741 Babylonem

252 3776 405 3823 reversae
417 3759 452 3824 in
474 3757 610 3824 letalem
626 3762 778 3827 morbum
792 3759 920 3827 incidit.
964 3761 1018 3826 14.
1047 3756 1245 3827 Alexander
1258 3755 1355 3825 Anti·

252 3861 340 3944 patri
354 3860 482 3926 artibue
494 3879 626 3927 veneno
639 3862 852 3945 extinguitur.
895 3861 951 3929 15.
968 3860 1154 3928 Alexandri
1167 3858 1355 3927 moribundi

251 3965 436 4043 novissima
450 3964 562 4037 verba.
607 3965 661 4031 16.
679 3962 841 4050 Ejusdem
854 3963 1008 4049 elogium.

300 4308 389 4375 Cir.
406 4329 431 4377 1.
476 4313 508 4378 1.
531 4312 722 4380 Alexander
745 4315 782 4380 in
808 4314 1039 4401 persequendo
1073 4313 1180 4381 Dario
1213 4314 1356 4380 amisson
