3084 4900
528 405 577 452 nn
599 403 747 455 susurru
773 405 918 454 suurn.
1228 391 1272 456 29

167 541 253 619 nine,
270 561 343 606 non
365 551 431 610 tum
447 546 681 628 cognoscendi,
697 565 798 632 qnam
821 545 1030 625 emendandi,
1045 565 1150 614 cause
1162 555 1271 616 trans·

165 642 261 706 misi!
325 643 382 708 Itu
409 646 499 710 enim
527 647 649 712 hubent
676 647 846 714 editiones
876 648 1033 732 antiquo,
1069 668 1159 732 quta,
1188 652 1270 733 quin

168 743 354 809 lisstorum
369 745 468 810 tidem
491 747 1050 825 secutaetuerint,nu11mdnbtto.
1093 751 1161 816 Sed
1183 753 1269 836 obji-

170 847 258 910 ciunt
278 847 314 909 iu
336 847 478 930 optimis
493 849 587 913 libris
603 849 687 932 legi:
712 845 807 920 Quod
819 848 863 914 ud
876 860 906 914 te
919 871 981 919 non
1000 859 1065 914 tour
1086 871 1267 936 mgnorcen-

169 943 201 1008 di
225 945 344 1032 magis,
373 969 467 1032 quom
494 947 688 1032 mandandi,
715 951 1000 1016 cuum-trommt'tt'.
1042 950 1156 1030 Quam
1178 951 1268 1018 Μαι·

162 1057 272 1112 ωηιω
286 1050 468 1116 lectionem
483 1051 584 1114 stium
598 1051 807 1134 Bongarsins
827 1053 971 1118 retinuit
1014 1052 1083 1116 Sed
1103 1052 1185 1118 nihil
1197 1073 1269 1118 ma

165 1149 330 1226 nilostius,
346 1169 450 1234 quum
465 1169 534 1214 non
548 1152 596 1215 itu
610 1153 789 1236 scripsisse
799 1150 979 1218 lustinum.
1014 1153 1194 1220 Necenim
1204 1164 1269 1218 turri

81 1301 87 1316 .
165 1256 196 1313 et
207 1250 309 1336 nugis
324 1253 409 1316 satis
424 1252 629 1318 conveniunt.
674 1250 767 1332 Quid
781 1255 885 1336 argui
906 1272 986 1318 num
1000 1254 1152 1320 dicemus
1165 1255 1267 1341 magri

166 1359 330 1433 tauquam
344 1351 551 1436 superfluum
566 1353 636 1418 tulli
651 1356 827 1438 oporteret
874 1352 977 1438 Atqui
997 1373 1066 1418 non
1079 1355 1213 1421 ridetur
1224 1356 1267 1423 de

164 1451 265 1517 nihilo
286 1472 381 1531 esse,
401 1452 494 1538 quod
512 1453 558 1516 'in
580 1455 719 1536 optimis
743 1455 838 1520 libris
863 1453 989 1537 legitur.
1033 1453 1148 1534 Quare
1170 1462 1267 1541 puto,

165 1553 327 1636 scripturn
339 1557 450 1638 primo
464 1555 586 1620 luisse:
612 1551 716 1633 Quod,
731 1553 891 1620 Antonine
901 1553 1056 1640 Impune
1067 1555 1266 1642 comani

164 1655 387 1742 mnghqunm
410 1655 602 1734 emadundi,
627 1677 722 1724 cuasa
744 1656 914 1722 transmisi.
960 1657 1091 1740 Nempe
1104 1675 1150 1721 ex
1164 1655 1266 1720 Aeto·

165 1756 236 1821 nine
251 1756 339 1842 lurp.
354 1758 464 1822 secere
477 1754 535 1821 Ad.
544 1768 573 1822 te
586 1779 658 1823 non.
700 1756 754 1823 Ac
780 1759 863 1843 quin
884 1760 936 1824 sic
951 1777 1012 1822 non
1026 1759 1266 1841 geminabatur,

162 1860 303 1936 librarii,
327 1859 416 1924 huuc
441 1879 583 1924 errorem
604 1859 843 1938 existimantes,
867 1860 1007 1924 alterum
1027 1860 1179 1925 omisere.
1221 1859 1266 1926 Et

165 1981 243 2026 sane
258 1961 438 2026 lustinum
453 1961 541 2025 huno
563 1963 626 2026 sub
649 1959 821 2027 Antonino
836 1961 974 2039 vixisse,
999 1966 1077 2026 unte
1102 1961 1265 2027 seculum

165 2061 353 2147 Philippus
368 2063 553 2145 Bergomas
575 2082 617 2128 ac
639 2061 741 2128 lom.
757 2061 943 2127 Aventinus
955 2061 1140 2128 tradideret
1161 2063 1265 2126 immo

165 2163 253 2240 idem
265 2163 345 2247 jam
359 2169 435 2228 ante
446 2183 549 2245 annos
558 2168 721 2228 trecentos
732 2164 767 2228 in
778 2163 944 2241 Chronico
953 2180 1016 2227 suo
1023 2163 1163 2246 scripsit
1173 2161 1266 2228 Mur·

165 2268 252 2330 tinus
264 2265 442 2344 Polonus:
467 2263 539 2340 sed,
554 2263 645 2346 quod
660 2263 750 2328 idem
760 2262 930 2328 lustinum
940 2261 1028 2326 hunc
1041 2281 1117 2326 cunr
1129 2260 1153 2326 J
1155 2263 1266 2326 usdno

166 2366 319 2450 martyre
334 2365 495 2442 confudit,
509 2364 621 2428 soedus
635 2381 725 2428 error
740 2369 805 2440 est,
830 2381 906 2428 curn
920 2362 986 2438 hic,
1011 2361 1071 2444 qui
1086 2360 1267 2444 Epitomen

166 2470 316 2553 scripsit,
342 2468 454 2545 iniis,
478 2486 554 2550 quae
577 2467 638 2531 lib.
655 2480 797 2531 xxxvi.
819 2465 862 2529 de
884 2463 1021 2547 Moyse,
1047 2462 1208 2546 Josepho,
1230 2470 1267 2529 et

166 2570 337 2635 Israelitis
350 2568 460 2645 tradit,
488 2568 588 2651 plane
612 2567 798 2650 Scripturis
820 2565 1032 2631 udvmsetur:
1054 2564 1142 2629 unde
1162 2564 1266 2647 liquat

165 2672 334 2735 hominem
356 2670 460 2735 luisse
486 2668 673 2734 Gentilem:
696 2674 874 2753 aperteque
899 2666 986 2731 iuter
1006 2683 1069 2730 eos
1082 2666 1127 2729 ab
1141 2663 1265 2729 Orosio

166 2780 375 2837 numeratur:
396 2778 432 2835 ut
446 2771 490 2835 de
503 2790 542 2835 eo
555 2768 637 2833 nihil
653 2767 774 2845 dicum,
796 2767 886 2851 quod
901 2766 1023 2831 beatus
1037 2765 1167 2848 hiartyr
1180 2764 1266 2831 nihil

167 2873 290 2937 latine
306 2873 482 2956 scripsisse
505 2870 654 2936 videtur:
677 2870 755 2934 item
775 2866 868 2951 quod
892 2866 1075 2943 Eusebius,
1097 2864 1265 2950 Hieronyf

168 2992 255 3051 mus,
283 2972 436 3050 Photius,
460 2990 626 3055 nusquam
650 2969 843 3034 historicam
868 2968 956 3032 hanc
981 2966 1159 3051 Epitomen
1179 2966 1265 3031 inter

170 3074 333 3159 Martyris
346 3074 436 3138 illius
453 3072 580 3156 scripta
594 3076 764 3155 reponunt.
809 3068 843 3135 N
845 3087 886 3133 cc
899 3076 1008 3133 tamen
1019 3086 1062 3131 ea
1075 3066 1190 3148 ignota
1200 3066 1265 3133 tuit

170 3178 210 3241 B.
225 3177 451 3260 Hieronymo,
476 3176 534 3259 qui
547 3172 638 3238 illius
658 3172 809 3237 meminit
821 3168 985 3253 prooemio
1009 3169 1045 3233 in
1068 3166 1262 3232 Danielem:

170 3280 214 3343 uti
229 3297 365 3361 quoque
379 3276 587 3359 Augustinus
614 3274 697 3339 facit
724 3271 783 3337 lib.
797 3288 848 3335 vt.
870 3272 913 3335 de
937 3269 1039 3335 ctvit.
1054 3268 1121 3333 Dei
1139 3286 1216 3351 cap.
1229 3268 1263 3332 6.

171 3384 204 3443 et
218 3379 363 3443 Orosius
376 3377 436 3442 lib.
454 3394 477 3439 ι.
500 3394 574 3459 cap.
589 3374 620 3440 8.
634 3379 667 3440 et
679 3374 732 3439 10.
749 3375 814 3457 qui
830 3379 864 3438 et
883 3372 1054 3437 lustinum
1066 3370 1189 3455 passim
1203 3388 1263 3433 ex·

172 3478 297 3551 scribit.
342 3478 431 3543 Post
444 3496 530 3559 quos
551 3472 699 3559 ejusdem
726 3476 930 3542 mentionem
958 3471 1064 3537 secere
1094 3468 1264 3547 Isidorus,

173 3580 371 3657 Jornaudcs,
396 3579 464 3643 alii.
508 3577 620 3642 Etiam
646 3592 724 3659 quae
751 3574 867 3659 Lupus
898 3572 1117 3638 Ferruriensis
1144 3571 1264 3637 Abhns

173 3680 277 3767 Epist.
293 3698 363 3746 xx.
388 3680 433 3744 ad
449 3679 619 3744 Altninum
645 3696 690 3741 ex
714 3676 825 3759 Trogo
851 3674 1014 3759 Pompeio
1037 3672 1119 3739 citat
1141 3671 1184 3736 de
1208 3670 1264 3744 iis,

173 3806 246 3867 qnae
261 3782 466 3849 Mithridatis
478 3779 708 3845 excellentiam
723 3777 948 3863 portenderint
968 3774 1059 3859 apud
1078 3772 1264 3846 lustinum,

173 3886 214 3949 nd
230 3887 359 3950 verbum
373 3902 420 3947 ex
433 3880 559 3945 Justini
567 3879 625 3944 lib.
641 3894 800 3943 xxxvtr.
843 3876 913 3943 Sed
928 3874 1017 3959 apud
1029 3874 1161 3956 Lupum
1175 3886 1263 3937 nunc

173 3988 269 4069 paulo
282 3987 430 4053 comtius
444 3982 607 4063 leguntur,
632 3985 670 4045 ut
683 3986 719 4043 et
732 3978 767 4053 in
780 3977 920 4043 Justino
935 3976 1076 4041 debeant
1088 3968 1263 4035 emendari.

174 4078 273 4157 2-th
283 4090 306 4155 J
310 4088 443 4155 ustinus
464 4084 606 4166 scriptor
620 4086 726 4157 tersus
740 4084 776 4144 et
788 4078 932 4161 elegans,
958 4070 1002 4139 ut'
1019 4073 1060 4138 de
1082 4090 1124 4135 eo
1147 4069 1265 4135 scribit

175 4188 378 4256 Rnimundus
395 4185 516 4251 Lullus
531 4184 589 4251 lib.
607 4199 671 4246 vn.
698 4182 741 4249 de
756 4178 850 4245 Orat
864 4198 942 4260 cap.
957 4177 989 4240 4.
1034 4172 1147 4251 Quam
1161 4172 1264 4255 turpi·
