3084 4900
540 371 612 420 urs.
637 370 785 418 xxxix.
809 370 889 419 esu.
912 355 943 419 1.
1210 328 1276 423 aaa

180 512 371 578 tiochenscs
399 510 508 596 primi,
531 511 619 576 duce
642 510 845 595 Tryphone,b
868 518 1060 578 execrantes
1087 512 1275 597 superbiam

63 614 68 627 ⁴
181 614 281 697 regis,
297 633 375 697 quea
390 614 644 679 conversatione
653 612 821 677 Parthicae
837 613 1044 681 crudelitatis
1054 613 1274 683 intolerabilis

179 715 272 781 facta
283 721 367 794 crat,
380 734 459 779 rnox
474 714 665 797 Apameni‚³
681 721 871 798 ceteraeque
890 716 1058 792 civitates,
1079 717 1273 799 exemplum

182 823 320 895 secutae,
331 838 390 901 per
404 817 589 883 absentiam
600 817 674 901 ejus
689 836 711 882 a
725 818 896 884 Demetrio
909 817 1071 883 defecere.
1113 820 1146 883 4.
1162 816 1274 882 Ptele-

178 940 284 986 maeus
304 938 438 1003 quoqne
461 938 523 984 rex
545 919 697 1004 AEgypti,
720 920 807 984 bello
830 920 874 984 ab
900 918 1016 984 eodem
1038 918 1177 1002 petitur,
1195 938 1272 984 cum

179 1017 393 1105 cognovisset
424 1019 637 1105 Cleopatram
670 1031 818 1087 sororem
845 1040 953 1098 mam,
981 1020 1105 1105 opibus
1132 1020 1274 1103 AEpypti

180 1123 321 1187 navibus
347 1122 529 1204 impositis,
550 1120 596 1187 ad
624 1120 726 1187 tiliam
755 1128 792 1185 et
820 1122 1027 1187 Demetrium
1057 1140 1210 1205 generum
1239 1121 1274 1185 in

180 1222 311 1308 Syriam
324 1222 539 1306 profugisse,⁰
551 1224 700 1297 immittit
708 1224 866 1308 juvenem
879 1223 1046 1306 quendam
1062 1222 1272 1307 AEgyptium,

179 1324 354 1391 Protarchi
384 1324 607 1406 negotiatoris
635 1322 753 1400 tilium,
782 1324 842 1407 qni
873 1343 1009 1406 regnum
1032 1323 1141 1407 Syriae
1172 1324 1272 1389 armis

178 1433 329 1512 peteret,t
356 1427 389 1490 tu
412 1426 605 1508 composita
615 1424 743 1503 tabula,
757 1426 856 1507 qnasi
870 1444 930 1507 per
945 1426 1159 1509 adoptionem
1175 1422 1272 1489 Anti·

179 1528 255 1592 ochi
281 1528 370 1610 regis
392 1533 547 1611 receptus
567 1529 603 1592 in
617 1527 776 1591 familiam
799 1528 924 1610 regiam
943 1530 1043 1604 esset,
1057 1545 1120 1592 nee
1146 1524 1274 1609 Syriis⁴

178 1626 360 1711 quemlibet
384 1644 494 1707 regern
523 1628 794 1710 aspernantibus,
822 1646 865 1689 ne
890 1626 1053 1693 Demetrii
1082 1630 1269 1709 paterentur

178 1729 386 1811 superbiam:
406 1747 527 1793 nomen
532 1727 649 1812 juveni
672 1726 919 1793 ‘Alexandri'd
933 1728 1123 1811 imponitur,
1132 1726 1272 1793 auxilia·

180 1847 245 1912 que
261 1830 304 1894 ab
319 1830 469 1913 AEgypto
483 1829 630 1913 ingentia
643 1829 824 1893 mittuntur.
866 1828 898 1893 6.
922 1827 1051 1892 Interea
1065 1844 1187 1910 corpus
1201 1824 1272 1889 An·

179 1931 281 1997 tioebi
301 1931 465 1997 interfecti
479 1950 510 1997 a
532 1949 608 2013 rege
632 1929 831 1995 Parthorum
857 1927 892 1992 in
915 1927 1028 1991 loculo
1050 1932 1205 2009 argenteo
1226 1926 1271 1991 ad

179 2032 383 2115 sepulteram
406 2031 442 2095 in
466 2030 597 2115 Syriam
619 2031 794 2095 remissum
819 2029 1044 2111 superuenit2⁵
1075 2026 1166 2111 quod
1195 2046 1270 2090 curn

177 2132 303 2215 ingenti
318 2132 432 2197 studio
444 2130 633 2196 civitatium
646 2134 681 2193 et
692 2129 781 2212 regis
796 2126 982 2193 Alexandri
997 2128 1040 2193 ad
1054 2122 1272 2191 firmandam⁶
1301 2155 1305 2164 ·

178 2234 304 2299 tabula
329 2232 430 2296 fidem
452 2232 643 2315 excipitur.⁴
686 2228 772 2308 Qnae
796 2247 848 2293 res
870 2228 920 2292 illi
943 2246 1095 2310 magnum
1120 2227 1270 2293 savorem

178 2333 391 2418 popularium
406 2330 608 2408 conciliavit,
622 2330 777 2394 omnibus
798 2348 865 2395 non
878 2328 974 2394 fictas
988 2330 1024 2394 in
1038 2348 1089 2406 eo,
1102 2327 1162 2392 scd
1175 2346 1271 2392 uena·

179 2436 346 2520 lacrymas
369 2432 643 2499 existimantibus.
686 2431 718 2496 7.
745 2430 934 2496 Demetrius
956 2434 1067 2496 autem
1092 2430 1202 2495 victus
1225 2424 1271 2493 ab

179 2537 386 2614 Alexandro,
395 2534 471 2600 cum
482 2533 629 2616 undique
644 2529 932 2597 circumstantibus
946 2531 1044 2596 malis
1056 2533 1270 2614 premeretur,

180 2641 222 2704 ad
253 2645 458 2724 postremum
484 2636 584 2701 etiam
609 2635 653 2702 ab
675 2641 800 2698 uxore·
821 2628 987 2716 filiisque'
1007 2628 1193 2696 deserituru
1236 2629 1270 2698 8.

178 2797 823 2980 ffa'ssjawewmwss
839 2793 1021 2921 qiam
1033 2796 1142 2908 ow
1153 2807 1272 2920 eim

633 3015 812 3037 W

178 3109 235 3156 m.
251 3103 328 3154 aaut.
345 3103 504 3166 apim—8
521 3099 647 3163 mediat,
662 3101 765 3151 'l'bnam
784 3096 856 3148 Lete.
873 3100 897 3147 Ι.
916 3104 942 3147 t.
959 3097 1034 3147 Bodl.
1053 3097 1137 3148 Perta.
1155 3096 1197 3146 ed.
1212 3094 1272 3147 Alei.

177 3171 253 3223 Juut.
268 3167 394 3232 Aparni,
410 3173 439 3216 ut
450 3165 564 3216 mdabat
573 3165 666 3214 Faber.
683 3164 752 3214 Ptin.
763 3177 791 3213 v.
802 3166 843 3212 29.
858 3161 1013 3225 ‘Apamena
1024 3160 1116 3224 regin:
1132 3170 1161 3210 et
1176 3173 1234 3210 nv.
1246 3164 1272 3208 t.

178 3238 187 3263 ⁸
197 3234 356 3297 Apamenurn
365 3229 563 3296 [ciuumhnnlro
571 3229 703 3292 precipue
711 3227 850 3277 convenire
858 3224 1019 3276 dieitur.'·—t
1027 3225 1079 3276 Sex
1090 3226 1152 3275 Μιι.
1160 3223 1202 3274 ed.
1211 3224 1271 3273 Ale.

178 3299 253 3350 lunt.
262 3295 339 3361 Syria
349 3292 410 3344 vid.
422 3306 520 3344 xxm.
532 3296 557 3342 ἱ.
567 3297 640 3343 2.-⁶
651 3291 737 3342 Parin.
747 3290 812 3341 coll.
826 3290 860 3340 N.
872 3290 913 3340 ad.
924 3290 998 3340 Rom.
1006 3305 1071 3354 pern.
1086 3289 1209 3339 vincent.
1219 3292 1228 3318 ⁴
1238 3288 1271 3336 ad

179 3376 235 3426 rep.
245 3375 309 3411 reru.
320 3367 363 3410 ert
371 3359 398 3409 in
408 3356 524 3424 Syr.'-tl
540 3354 857 3423 Meuteetutngatumn.
869 3353 974 3405 belem.
983 3359 1008 3404 5.
1021 3353 1103 3405 Perin.
1115 3362 1142 3403 et
1149 3353 1270 3403 vincent.

673 3507 780 3562 Nom

212 3626 224 3660 ⁵
241 3627 308 3678 Dm
319 3625 454 3691 lippam]
472 3625 530 3675 Non
540 3625 595 3686 ille,
610 3623 643 3674 tle
654 3637 706 3688 quc
744 3620 805 3671 uroel
816 3619 971 3671 crudelitate
981 3617 1030 3670 ribi
1041 3626 1169 3684 metuent,
1182 3623 1273 3670 secuta

101 3764 103 3767 ¹
178 3701 315 3766 Scriptura
325 3701 451 3764 meminit,
465 3701 544 3766 quio.
559 3699 652 3751 abhinc
661 3712 706 3748 au·
745 3704 797 3748 eat.
1139 3745 1141 3751 Α

181 3778 221 3827 ιιίι
234 3777 290 3841 jun
306 3775 426 3826 obierat:
450 3778 491 3825 vel
511 3775 658 3840 Trypbonie
677 3781 706 3825 ct
778 3771 891 3828 taut.
910 3776 984 3823 blm.
1007 3773 1051 3824 01.
1069 3776 1124 3822 tua
1141 3775 1166 3821 t.
1192 3771 1273 3823 U.C.

181 3851 310 3904 Demetrii
324 3859 454 3914 tempora,
468 3850 537 3917 quod
558 3851 643 3900 verius
659 3863 705 3914 pn·
744 3853 802 3902 m.
819 3849 942 3900 Anteb.
957 3853 1013 3901 mu.
1266 3893 1273 3906 ,

181 3936 245 3992 ten,
261 3926 398 3978 confundit
408 3927 504 3979 Jnrttn.
635 3967 641 3974 .
776 3924 789 3959 ⁶
806 3923 992 3986 Nomentani
1002 3924 1178 3990 ‘Atemdrtff
1193 3923 1272 3974 Alex·

213 4009 225 4036 ⁶
240 4004 273 4054 In
282 4001 379 4066 Syrien
392 4000 536 4065 nmine]
553 3999 651 4052 Audita
661 4015 706 4065 pe·
746 4000 827 4050 ander
838 3999 938 4051 zabina
947 4000 1033 4050 dictur
1044 4007 1085 4051 eat
1096 3999 1129 4049 ab
1140 4001 1234 4051 Eureb.
1244 4007 1273 4050 et

183 4080 301 4142 polorum
322 4076 478 4138 desectione,
500 4077 653 4127 Demetrias
673 4090 706 4126 ex
746 4076 861 4141 Appiae.
873 4075 1164 4140 atemlmuanorepb.

182 4154 296 4218 AEpypte
316 4153 343 4203 in
366 4152 466 4216 Syrium
486 4151 573 4216 redut,
597 4165 707 4216 eamque
778 4153 843 4203 ‘Ab
854 4167 937 4213 acere,
951 4153 1003 4216 te]
1021 4153 1162 4204 Commisso
1173 4153 1271 4218 praello,

181 4229 320 4292 Cleopatra
330 4227 421 4280 orbata
439 4227 569 4291 praesidio,
585 4242 601 4276 a
619 4227 708 4286 Ptole·
747 4229 829 4280 vietor
839 4230 988 4280 Demetrius
1003 4230 1035 4280 ad
1048 4244 1152 4282 uremur
1163 4231 1273 4294 cleopa·
