3084 4900
281 338 346 401 abd
752 348 901 400 rusrrur

281 513 367 577 opes
381 512 505 576 augere
527 490 738 557 finitimorum
758 492 883 557 bellis·
904 492 1034 559 statuit.
1077 493 1112 558 2.
1134 491 1254 577 Itaque
1278 489 1376 557 Aria*

281 596 376 672 rathi,
391 598 458 677 regi
480 592 717 678 Cappadociae,
742 600 878 676 propter
901 592 1069 657 fastiditas
1092 594 1212 657 sororis
1236 592 1373 675 nuptias

281 695 450 773 infectus,⁸
469 694 603 759 iraham
616 694 691 777 ejus
706 694 933 779 Oropherueu,
947 694 1173 777 perinjurium
1188 712 1287 775 reguo
1298 694 1373 775 pul·

282 793 383 872 sum,b
392 797 581 880 supplicem
594 796 739 878 recepit,
760 796 943 878 datumque
968 794 1034 857 sibi
1054 794 1228 859 honestum
1242 794 1320 858 belii
1334 795 1375 859 ti·

281 898 382 961 tulum
398 897 604 979 gratulatus:
617 897 789 961 restituere
805 914 880 961 eum
893 897 928 959 iu
942 914 1075 977 regnum
1091 897 1216 961 statuit
1257 894 1291 959 3.
1306 894 1372 961 Sed

282 994 489 1079 Oropherncs
503 996 632 1079 ingrato
645 998 768 1074 auium,
783 996 866 1061 inita
891 1015 968 1061 cum
992 996 1271 1061 Antiochensibus
1293 1014 1373 1080 pac·

282 1097 385 1174 tione,
400 1097 537 1161 offensis
550 1104 630 1161 tunc
645 1098 841 1176 Demetrio,e
863 1096 987 1183 pellere
1007 1098 1117 1180 ipsum
1130 1116 1241 1179 ragno,
1271 1114 1373 1179 aquo

281 1198 526 1275 restituebatur,
541 1199 720 1263 consilium
734 1201 834 1283 cepit.
878 1202 910 1264 4.
933 1198 1010 1277 Quo
1026 1199 1169 1281 cognito,
1184 1196 1373 1263 Demetrius

280 1297 360 1361 viter
375 1298 512 1380 quidem
528 1300 613 1385 ejus,
627 1319 668 1363 ue
683 1297 902 1365 Ariarathes‘l
922 1306 1013 1363 metu
1037 1298 1174 1363 fraterni
1198 1296 1279 1361 belli
1291 1296 1373 1361 iibe-

281 1402 419 1476 raretur,
433 1400 603 1481 pepercit:
638 1402 751 1483 ipsum
765 1408 877 1467 autem
903 1401 1178 1484 comprehensum
1202 1400 1370 1465 vinctum¹

283 1496 467 1563 Seleuciae·
488 1500 650 1565 custodiri
661 1499 783 1584 jubatf
821 1504 854 1565 5.
871 1500 944 1565 Nec
960 1498 1214 1576 Antiochenses,
1230 1498 1369 1563 indicio³

282 1599 401 1676 territi,
416 1619 438 1664 a
448 1599 632 1665 defectione
646 1601 866 1667 destiterunt!
907 1601 939 1667 6.
960 1600 1080 1684 Itaque
1092 1599 1327 1683 adjuvantibus
1341 1603 1374 1663 ct

281 1698 470 1764 Ptolemaeo
485 1721 559 1784 rege
570 1703 721 1787 AEgypti,
730 1708 764 1768 et
779 1702 916 1768 Attalo⁸
928 1720 1003 1785 roge
1015 1698 1138 1778 Asiaa,¹²
1150 1711 1186 1763 et
1201 1699 1374 1764 Ariarathe

314 1861 325 1894 ⁸
343 1863 422 1918 Quare
431 1863 534 1929 offensas
543 1864 669 1915 Ariaratti
677 1864 730 1927 regi
742 1862 905 1929 capadocia,
916 1864 956 1929 qui
966 1866 1071 1917 robure
1079 1864 1106 1913 ia
1116 1865 1302 1915 mreadarere
1310 1858 1374 1915 idias

282 1940 391 1977 muers.

316 1997 326 2021 ⁸
342 1990 450 2039 datatas
459 1994 521 2067 qaod
529 1992 588 2043 dats
595 1990 642 2041 sibi
648 1991 814 2068 fmtdeaestu
824 2006 894 2069 cussa
905 1991 959 2067 beili
967 1997 1109 2068 rostram
1116 1990 1223 2054 gandi.

283 2049 396 2167 'gazer
409 2054 577 2105 Astraeum
592 2058 733 2105 deatum
744 2072 759 2105 a
769 2056 907 2119 defectuosa,
918 2062 1011 2105 drumm
1020 2060 1106 2107 cernat
1117 2070 1168 2105 rura
1175 2060 1254 2104 suasa
1262 2068 1309 2103 assa
1324 2052 1374 2105 De-

738 2226 920 2247 m

315 2306 396 2357 tSea
414 2308 480 2359 Mss.
497 2310 619 2361 cirea-²
634 2310 718 2375 biugi.
737 2310 799 2367 Aid.
818 2312 892 2363 Junt.
917 2310 1120 2375 deumque-t
1137 2310 1210 2361 Rom.
1226 2308 1374 2374 ,iudicia-s

776 2440 881 2494 North

314 2541 500 2591 wisatum
509 2542 585 2606 bediis]
599 2543 700 2595 sudata
711 2543 808 2595 bellurn
848 2551 889 2595 rat
898 2545 1006 2610 Josaph.

280 2614 378 2678 intulit,
386 2616 414 2664 iu
421 2629 473 2680 quo
480 2616 563 2667 Judss
573 2617 740 2669 Maccabeos
747 2634 808 2670 con·
878 2617 891 2654 ⁴
907 2619 1109 2684 Nedriaruttas]
1125 2619 1205 2672 Quia
1220 2625 1312 2670 sanato
1323 2620 1376 2670 lio·

281 2695 322 2737 tra
331 2689 489 2739 Bacchidem
499 2688 605 2741 fortiter
621 2693 747 2742 dimicans
764 2707 808 2744 oc·
847 2707 932 2758 suano,
943 2695 1060 2759 adquam
1067 2694 1230 2759 confugerat,
1237 2696 1322 2760 jussus
1332 2700 1376 2744 cst

280 2760 379 2814 cubuit.
411 2765 506 2815 cetera
523 2774 565 2816 sat
584 2773 647 2818 uota
664 2781 699 2818 aa
719 2767 807 2820 Sacris
847 2783 978 2820 unacum
1000 2771 1151 2835 Oropherne
1180 2785 1297 2835 regnare.
1331 2770 1377 2821 lta

280 2838 387 2888 Literts.
848 2843 917 2896 Pior.
949 2845 1072 2896 Testatur
1089 2855 1173 2896 tanen
1193 2847 1288 2911 Polyb.
1307 2845 1376 2896 Oro-

312 2910 589 2977 *Periaiariarsrrgaa
598 2917 703 2981 missa]
719 2917 760 2966 Da
770 2916 808 2966 iu·
848 2917 971 2981 pharuern
982 2919 1009 2968 in
1025 2926 1116 2970 acuatu
1132 2920 1235 2983 vicisse,
1251 2919 1375 2984 conjectis

274 2985 347 3049 juria
358 2986 421 3036 nihii
431 2987 511 3037 habat
525 2987 620 3050 Polyb.
639 2989 686 3040 sed
701 2989 808 3040 Ariara·
847 2991 873 3042 in
884 2991 1048 3046 Ariarathem
1059 2991 1131 3044 falsis
1142 2994 1298 3045 criminibus.

280 3059 349 3110 thern
360 3061 459 3112 artibus
473 3063 601 3112 Demetrii
611 3065 744 3127 expulsum
755 3081 808 3115 rna·
879 3073 891 3098 ·
906 3065 1031 3130 Sabaria]
1055 3067 1124 3118 Urbs
1143 3075 1184 3119 est
1201 3068 1269 3120 Asia
1288 3069 1376 3122 multi·

279 3143 379 3187 morat:
397 3137 465 3202 quod
477 3139 553 3201 pauio
570 3140 647 3190 aitter
660 3141 808 3190 uarratZo·
848 3141 919 3206 pica.
953 3147 976 3192 1.
992 3145 1202 3208 Mesopotamia,
1218 3146 1250 3196 ad
1267 3145 1376 3210 hirriat,

279 3223 335 3261 nar.
368 3211 529 3275 Ariarathes,
549 3213 645 3280 inquit,
670 3221 732 3266 suta
753 3226 808 3264 sus·
848 3222 958 3281 propter
985 3217 1189 3284 ctesiphontem.
1223 3221 1311 3271 dimi.
1348 3225 1376 3274 Ι.

279 3293 383 3348 captura
393 3285 483 3350 tilium,
502 3287 683 3351 Orophernem
700 3289 807 3354 adopta-
847 3291 938 3357 Syria,
949 3293 1036 3345 Pteria
1047 3297 1208 3362 cognomine,
1220 3296 1253 3346 ad
1265 3297 1376 3366 Orontis

279 3365 362 3421 verat,
374 3373 448 3424 quem
461 3369 551 3425 postes
561 3367 624 3411 usto
641 3363 758 3425 legitimo
778 3363 806 3412 fi·
847 3368 922 3419 ostia.
938 3369 1030 3420 Saldis.
1047 3375 1072 3420 8.
1085 3371 1193 3436 Ciliciae,
1203 3372 1375 3437 Asperauun·

278 3435 442 3500 iio,propter
459 3437 608 3490 insidiarum
624 3439 808 3502 suspicionem,
847 3448 953 3506 cupata,
972 3444 1005 3495 ad
1016 3444 1191 3510 Calycadnum
1205 3446 1233 3500 d.
1266 3449 1374 3503 sanes.

278 3511 394 3574 expulit:
412 3511 458 3562 sed
468 3513 523 3574 ilie,
542 3512 679 3563 Ariarathe
697 3522 809 3578 ruortuo,
848 3520 873 3568 4.
895 3517 1012 3581 Pisidia,
1029 3519 1057 3572 iu
1075 3520 1234 3586 Pamphylia
1253 3522 1376 3574 confinio·

277 3587 304 3634 iu
315 3585 373 3649 ejus
390 3585 470 3638 tilium
488 3588 643 3637 insurrexit:
662 3588 808 3639 Ariarathis
852 3591 981 3644 Calabria.
1015 3601 1040 3644 5.
1060 3595 1196 3662 Syria,ad
1210 3595 1339 3648 Baiumd.

278 3659 416 3726 tilioouen
427 3663 490 3713 tulit
501 3665 636 3726 Eumenes,
657 3663 804 3728 Oropherni
825 3703 827 3707 .
878 3664 888 3700 ¹
902 3667 1110 3734 Gsuudr'rijabet]
1135 3671 1165 3720 In
1179 3687 1285 3736 regnum
1297 3672 1372 3723 reati·

278 3737 446 3788 Demetrius:
464 3739 610 3802 nuptiarum
621 3753 683 3789 sero
691 3738 804 3804 Appiau.
846 3749 928 3794 tutum
934 3745 1115 3810 Orophernem
1121 3749 1332 3815 voluutAppian.
1343 3759 1374 3801 at

278 3812 371 3878 Polyb.
383 3821 411 3863 at
427 3814 522 3864 Zouar.
540 3827 664 3878 nusquam
682 3815 803 3864 neruiue·
845 3818 939 3868 Zouar.
950 3819 1373 3890 decurtodiaatproditiouauihii

277 3894 346 3940 runt.
844 3892 949 3947 babent.
1202 3935 1204 3940 -

309 3961 804 4029 ⁰0ffeasistascDeasatri010uoduou
876 3971 941 4020 tEt
957 3973 1053 4038 Attalo]
1080 3977 1132 4029 Qui
1155 3991 1239 4042 nuper
1260 3975 1371 4031 Eumeni

278 4037 411 4098 proculab
422 4037 560 4089 Antiochia
573 4041 685 4091 iuciuurs
695 4041 722 4090 in
733 4041 804 4104 regio
844 4049 913 4109 patri
926 4052 1097 4101 adecesrerst.

278 4113 386 4161 castalio
404 4113 557 4165 admitteret
574 4121 709 4176 nerninem,
728 4119 804 4167 ctvi·
875 4119 971 4186 ¹²Rege
991 4125 1069 4190 Asia]
1102 4127 1151 4175 Vei
1173 4126 1240 4178 Asia
1262 4129 1373 4184 Minoris

278 4186 805 4257 tamiuotioatdeiiciiaduceret,utuar·
843 4204 943 4259 partem
966 4199 1095 4265 inteiligit,
1121 4202 1196 4266 cujus
1222 4211 1302 4268 caput
1328 4213 1371 4256 est
