3084 4900
669 430 876 480 runrrrro.
1297 429 1320 492 5

224 569 291 633 duo
320 569 447 653 priores
472 589 515 634 ex
542 571 760 640 Bibliotheca
788 576 955 642 Mediocre
990 579 1125 644 somniis
1152 583 1317 666 depromti

224 679 337 750 erant3
363 673 481 763 tertius
502 692 581 738 vero
600 692 620 737 e
635 674 853 742 Bibliotheca
866 678 1004 744 illustris
1018 679 1105 756 Viri,
1128 703 1189 750 neo
1205 687 1318 754 minus

223 772 431 840 humanitate
459 793 559 859 quum
589 795 719 842 summu
743 779 930 844 eruditione
963 783 1147 864 conspicui,
1179 784 1318 854 Antonii

224 873 477 960 Magliabeqnii,
493 878 593 961 cujus
607 878 771 960 insignem
792 879 941 944 savorem
961 880 1089 947 Parens
1104 883 1318 972 Patruusque

222 976 354 1040 abunde
380 979 511 1060 experti
536 978 676 1043 suerunt:
730 978 861 1046 Praeter
889 981 962 1047 haec
990 982 1179 1050 institutum
1207 991 1318 1056 meum

216 1075 306 1158 juvit
321 1079 456 1145 collatio
470 1079 613 1148 Paterna
623 1081 753 1148 codicis
762 1082 950 1150 Theraei!
997 1085 1103 1150 Porro
1118 1089 1219 1154 etiam
1232 1091 1317 1156 duas

220 1197 344 1263 easque
366 1187 493 1248 tantum
514 1202 583 1248 non
603 1185 769 1269 principos
795 1185 972 1263 editiones,
990 1187 1077 1252 banc
1098 1189 1142 1254 ab
1168 1191 1315 1258 Nicolao

219 1277 372 1346 Jensono
392 1284 484 1366 typis
504 1285 693 1352 mandatam
712 1305 799 1350 anno
821 1303 1042 1377 uccucaxx.
1065 1290 1160 1357 illam
1182 1311 1204 1356 a
1228 1290 1316 1360 Con·

222 1379 302 1444 rado
323 1383 543 1469 Sweynbeym
559 1393 592 1454 ct
605 1386 756 1482 Arnoldo
774 1388 941 1455 Pannartn
951 1390 1073 1458 Romae
1092 1392 1216 1458 editam
1227 1413 1316 1460 anno

223 1499 472 1550 uooccnxxrr.
487 1488 652 1567 consului,
677 1510 763 1573 quas
781 1510 826 1556 ex
840 1491 1095 1558 instructissima
1109 1511 1171 1558 sna
1185 1495 1315 1560 Biblio-

221 1585 320 1654 tlrcca
345 1586 489 1654 Irondini
523 1608 653 1654 mecum
684 1592 943 1656 communicavit
980 1591 1045 1656 Vir
1077 1594 1315 1673 nobilissimus,

222 1686 411 1774 Ricbprdus
427 1690 544 1766 Mead,
559 1693 655 1776 cujus
677 1694 840 1760 beneflcio
852 1693 876 1758 J
879 1695 1026 1760 untinam
1037 1695 1219 1762 editionem
1233 1717 1316 1781 quo-

221 1808 285 1871 que
304 1797 424 1856 nactus
438 1791 499 1856 sui.
1260 1790 1262 1794 ’

263 1891 415 1975 Prologis
437 1893 611 1960 Librorum
628 1893 732 1978 Trogi
752 1895 908 1980 Pompeii
922 1898 1049 1982 subjeci
1064 1898 1223 1966 Virorum
1233 1901 1315 1966 doc·

219 1999 330 2058 torum
354 2000 452 2060 notas
475 1997 629 2077 integras,
652 1996 737 2062 inter
761 2016 849 2079 quas
873 1999 1045 2065 excellunt
1067 2001 1315 2069 emendationes

219 2094 507 2162 Reverendissimi
523 2097 668 2164 Abbatis
687 2098 729 2164 de
751 2099 958 2182 Ircngueruc,
974 2120 1058 2183 quas
1071 2102 1316 2168 eruditissimus

218 2197 292 2276 Vir,
316 2199 589 2282 incomparabilis
613 2200 847 2282 antiquitatum
869 2221 910 2265 ac
932 2204 980 2266 rei
998 2202 1156 2268 literariue
1178 2206 1314 2283 arbiter,

219 2299 305 2367 Rev.
321 2302 366 2366 D.
380 2301 569 2368 Bernartius
585 2301 879 2381 Montesalconius,
897 2305 1018 2370 Diario
1029 2305 1153 2370 Italico
1166 2307 1315 2372 inserue-

217 2409 280 2481 rat,
292 2421 417 2488 easque
433 2403 606 2487 plurimum
622 2404 754 2470 decoris
762 2405 841 2471 buic
850 2405 987 2472 editioni
995 2406 1157 2471 allaturas
1169 2407 1313 2475 credidi:

216 2507 254 2566 ut
267 2510 377 2571 autom
392 2524 505 2573 eurum
529 2508 625 2583 ratic,
651 2505 872 2590 codicemque
898 2506 984 2571 Mes.
1007 2509 1130 2592 quibus
1158 2530 1240 2573 usus
1262 2517 1315 2575 est

216 2610 380 2685 recensio,
395 2608 575 2690 unicuique
595 2609 718 2673 clarius
738 2616 914 2692 appareat,
934 2611 1060 2694 optime
1078 2630 1131 2675 mo
1152 2610 1315 2677 facturum

216 2714 308 2795 puto,
325 2711 355 2775 si
369 2711 447 2792 ipsa
468 2708 553 2774 Rev.
570 2710 828 2777 lllcnteialconii
850 2712 964 2788 rerba,
978 2730 1057 2796 qum
1072 2718 1143 2776 tum
1159 2714 1193 2777 in
1206 2714 1314 2779 fronte

216 2818 382 2891 notarum,
395 2818 468 2877 tum
479 2812 512 2875 in
523 2812 731 2895 praeiatione,
746 2818 873 2889 extant,
886 2833 931 2879 ex
946 2813 1065 2878 Diario
1074 2814 1183 2896 ipsius
1195 2814 1314 2880 Italico

216 2912 281 2977 buc
306 2928 505 2979 revocarem.
550 2912 609 2977 Sic
637 2914 738 2998 igitur
762 2915 838 2979 ille:
869 2914 962 2979 ‘Per
986 2912 1178 2979 Romanum
1193 2914 1314 2979 ‘otium

216 3014 365 3080 hortante
380 3012 611 3098 frequentibus
633 3015 791 3098 epistolis
815 3015 1021 3081 amicissimo
1041 3016 1125 3093 viro,
1140 3035 1182 3081 ao
1203 3015 1315 3081 litera·

215 3136 286 3183 rum
302 3117 411 3181 omnis
427 3117 557 3198 generis
577 3117 697 3201 peritia
712 3136 788 3181 curn
802 3117 920 3200 primis
934 3116 1082 3199 Europae
1097 3116 1313 3195 numerando,

215 3218 261 3299 D.
288 3217 424 3283 Abbata
445 3218 487 3282 de
514 3220 721 3303 Iongrreruc,
745 3221 782 3283 in
805 3217 992 3284 codicibus
1009 3218 1142 3284 Justini
1154 3218 1315 3302 Prologus

215 3318 441 3385 Historiarum
457 3320 725 3404 Philippicarum
748 3320 851 3402 Trogi
875 3318 1029 3402 Pompeii
1050 3318 1258 3402 conquisivi:
1280 3321 1313 3385 in

214 3418 381 3485 Vaticana
403 3420 488 3487 duos
508 3419 636 3487 Justini
660 3420 806 3487 Codices
823 3421 981 3502 Prologis
994 3420 1172 3485 instructos
1194 3420 1314 3504 depre-

212 3520 330 3603 bendi3
345 3522 381 3587 iu
396 3522 610 3587 Bibliotheca
625 3522 842 3587 illustrissimi
857 3520 1064 3587 Marchionis
1076 3522 1120 3585 de
1135 3522 1313 3587 Maximis‘

213 3625 346 3687 tertium
365 3624 484 3705 reperi,
508 3643 585 3687 cum
608 3623 653 3686 iis
670 3642 752 3688 vero
771 3623 900 3688 contuli
921 3622 1095 3705 Prologus,
1114 3628 1153 3687 nt
1167 3623 1312 3689 ineditis

214 3728 340 3802 extant,
356 3724 485 3791 scilicet
498 3725 579 3789 mire
593 3724 715 3803 ritiad,
730 3730 768 3791 ut
786 3725 846 3789 rix
860 3743 977 3789 sanum
997 3724 1172 3809 quidpiam
1194 3744 1313 3789 cocur-

703 3920 823 3977 ,NOTAE

248 4054 256 4081 ¹
276 4054 360 4106 Quem
381 4052 433 4103 ldr.
456 4052 562 4117 optima
579 4059 648 4103 nota
667 4049 746 4103 luisse
785 4051 885 4103 dlcibua
893 4052 1008 4117 ejusdem
1016 4052 1164 4103 nobilisrimi
1173 4051 1222 4101 riri
1230 4053 1313 4102 rarius

215 4136 346 4180 testantur
355 4136 424 4179 nota
433 4126 596 4179 Prtcrnaead
606 4126 746 4177 Arrianum
785 4128 954 4192 Protagoram
968 4129 1046 4195 'Propi
1058 4126 1176 4192 Pompeii
1186 4128 1313 4181 lectiones

214 4206 259 4257 lib.
270 4219 300 4256 rr.
311 4220 370 4269 cap.
383 4208 424 4253 11.
436 4202 469 4253 de
481 4204 583 4268 Exped.
596 4203 673 4253 Alex.
786 4204 899 4255 eruimus
908 4219 954 4254 ruo
965 4206 1022 4255 loco
1031 4203 1216 4268 publicandas*

247 4280 260 4309 ²
276 4282 341 4346 Cup.
355 4284 395 4331 18.
408 4292 468 4344 pag.
478 4282 537 4335 itt.
551 4278 610 4327 ‘Ex
620 4278 683 4335 bias.
694 4280 745 4329 Co·
