3084 4900
399 921 818 1002 EXCERPI'IONES
852 918 1333 999 CHRONOLOGrCAE:

837 1183 888 1232 AD

499 1393 836 1486 JOANNEM
873 1393 1212 1486 NOELIUM.

699 1695 1008 1712 -ι-ι*

699 1719 1009 1740 ἡ

314 1969 437 2065 Quon
451 1999 554 2059 oculus
576 1997 646 2059 olinr
658 1998 853 2078 Polyphemo,
872 1997 902 2058 id
924 1997 1008 2058 nohis
1028 1997 1056 2055 in
1076 1995 1261 2056 historiarum
1282 1995 1405 2056 lectione

313 2097 428 2158 notatio
444 2106 630 2175 temporum:
650 2115 718 2173 qnae
740 2095 820 2174 apud
835 2096 982 2156 Jurtinum
1007 2093 1087 2154 nuile
1107 2103 1160 2152 eat.
1204 2092 1285 2161 Quid
1310 2092 1405 2168 itaque

313 2192 392 2253 siiud
407 2211 471 2252 esse
478 2191 620 2264 dicemus,
628 2210 718 2270 quam
738 2200 748 2226 ‘
764 2193 945 2264 Monstrum,
956 2189 1144 2260 horrendum,
1152 2188 1284 2258 informe,
1294 2187 1406 2268 ingens,

314 2288 364 2346 cui
383 2289 481 2347 lumen
501 2284 681 2348 ademtumi’
720 2287 853 2366 Trogum
873 2287 971 2366 ipsum
991 2286 1174 2365 negligentiae
1201 2285 1405 2352 accusandum,

313 2402 400 2442 nemo
414 2383 483 2442 mihi
496 2383 688 2462 persuadeat:
709 2384 817 2447 Justini
830 2381 1039 2444 abbreviatoris
1052 2381 1165 2441 facinus
1173 2390 1229 2442 est.
1270 2382 1362 2461 Ergo,
1372 2398 1406 2436 ne

314 2480 386 2558 qnid
400 2480 469 2541 huic
480 2480 602 2541 Auctori
615 2500 634 2540 n
648 2501 694 2541 me
707 2481 831 2552 deerret,
841 2500 878 2539 ex
892 2479 1012 2540 Eusehii
1024 2486 1055 2538 et
1068 2477 1239 2557 hieronymi
1249 2477 1405 2544 Chronico,

312 2575 352 2635 ad
366 2578 478 2657 optimc
491 2587 521 2637 et
533 2576 735 2654 utiquissima
748 2575 925 2655 exempinrie
946 2574 1143 2651 menworipts
1154 2574 1217 2634 Ci..
1230 2574 1267 2634 V.
1291 2572 1407 2634 Claudii

313 2672 446 2743 Puteani,
457 2681 488 2732 et
500 2672 662 2733 doctissimi
676 2674 807 2752 mihique
820 2672 985 2733 amicissimi
995 2672 1029 2732 P.
1039 2670 1181 2741 Danielis,
1195 2688 1213 2729 a
1226 2690 1273 2729 me
1287 2670 1405 2743 collato,

313 2768 448 2845 excerpsi
459 2776 489 2827 et
503 2769 651 2845 exscripsi,
667 2789 734 2846 quse
757 2771 832 2831 lucis
846 2768 957 2847 aliquid
978 2766 1082 2828 afferre
1095 2766 1213 2827 Iuctino
1233 2778 1337 2825 nostro
1356 2786 1407 2845 po·

313 2870 426 2922 terent:
446 2881 506 2922 non
516 2864 634 2943 quidem
648 2865 759 2937 omnia,
774 2864 828 2929 aed
837 2883 952 2927 summe
968 2861 1203 2945 {nongintorum
1244 2862 1321 2921 Nom
1336 2862 1406 2921 iliud

278 2984 288 3005 ·
312 2956 446 3035 injuriam
469 2968 546 3019 esset
559 2960 657 3020 iecere
679 2962 775 3022 amico
797 2970 897 3021 nostro
916 2961 1002 3020 Laur.
1022 2956 1171 3028 Bocheiio,
1190 2976 1281 3035 equo
1297 2968 1407 3019 veteres

313 3052 506 3131 chronologos
533 3054 747 3118 emendatiores
768 3064 800 3115 et
824 3055 970 3116 coctiores
993 3062 1192 3131 expectemus.
1232 3053 1407 3132 Comparari

312 3154 412 3207 nutem
426 3168 494 3207 cum
507 3150 634 3210 Eusebio
644 3149 804 3229 Georgium
819 3150 1011 3221 Monachum,
1019 3148 1106 3225 cujus
1118 3149 1258 3209 Graecum
1271 3151 1405 3223 codicem

313 3262 430 3303 mecum
443 3244 487 3303 vir
507 3245 676 3305 eruditionis
698 3246 851 3325 singularia
866 3246 1038 3307 Franciscua
1052 3244 1184 3305 Pithoeus
1204 3246 1403 3306 communica-

313 3337 372 3405 rit;
393 3346 424 3395 et
442 3357 459 3396 e
479 3340 582 3398 nostris
604 3340 791 3413 Beroaldum,
805 3340 975 3402 Funccium.
1016 3339 1063 3399 illi
1078 3356 1159 3400 axx.
1181 3340 1362 3419 interpretes,
1378 3345 1405 3402 hi

313 3432 459 3492 Hebraeos
473 3444 635 3510 sequuntur
645 3437 783 3499 codices:
805 3446 886 3497 tants
895 3436 1064 3515 opinionum
1073 3435 1225 3510 varietate,
1237 3448 1270 3499 ut
1279 3439 1405 3499 Eusebio

312 3534 385 3597 Nini
398 3536 471 3615 regis
483 3556 576 3598 annua
585 3539 830 3617 primusinnnrrat
844 3540 874 3600 in
885 3559 992 3601 annum
1003 3540 1105 3601 mundi
1117 3528 1255 3605 fficxut.
1275 3544 1404 3623 Georgio

312 3644 343 3704 in
365 3631 552 3705 fficcuxxr.
592 3644 737 3705 Beroaldo
760 3645 790 3705 in
810 3664 918 3705 annum
940 3661 980 3705 rr.
996 3661 1182 3708 uccccnxv.
1224 3649 1355 3709 Fauonio
1375 3650 1405 3710 in

313 3756 529 3802 rr.nccccv1.
584 3741 682 3818 Hujus
708 3742 855 3802 varietatis
879 3742 1019 3821 originem
1047 3743 1182 3822 pluribus
1205 3764 1404 3823 persequerer,

312 3838 369 3897 nisi
388 3837 518 3897 inhorem
541 3834 627 3895 istum
641 3835 714 3895 mihi
728 3837 815 3897 nmini
828 3837 903 3897 iliius
923 3838 1011 3899 nostri
1024 3838 1136 3900 levaret
1147 3839 1240 3902 labor.
1283 3841 1405 3901 interim

312 3932 411 3993 iumen
425 3934 483 3993 hoc
497 3930 559 4003 tihi,
575 3931 720 3992 cnrimime
733 3932 830 4004 Nnhii,
846 3931 980 4005 accendi,
996 3952 1031 3994 ne
1045 3934 1120 3997 sorte
1133 3936 1163 3995 in
1177 3937 1301 3999 historice
1314 3937 1404 4015 hujus

313 4029 439 4089 tenebris
464 4028 597 4088 aberres:
631 4034 671 4101 et,
692 4037 726 4087 ut
744 4028 820 4088 illius
856 4028 1004 4088 ‘Trunca
1024 4048 1140 4091 menum
1164 4033 1251 4110 pinus
1270 4033 1353 4112 regit,
1374 4044 1404 4093 et

313 4123 435 4200 vestigia
459 4122 577 4194 firmat,'
603 4122 643 4182 ita
666 4123 732 4185 haec
756 4124 841 4183 veiim
861 4126 1043 4203 amplectaris
1063 4138 1212 4207 excerpta,
1233 4149 1292 4208 quo
1311 4129 1402 4189 tutius

314 4217 408 4284 possis
422 4225 452 4276 et
473 4215 584 4278 firmius
597 4218 718 4296 ingredi.
760 4218 892 4281 Afferent
904 4220 958 4281 tibi
978 4205 1099 4283 sortasie
1121 4224 1151 4284 in
1165 4225 1253 4302 hujus
1266 4224 1402 4287 Auctoris
