3084 4900
650 413 721 464 nin.
745 417 786 464 rr.
1219 409 1264 476 67

164 529 344 612 umemnne
368 531 498 615 ipsam*
522 535 558 600 in
585 543 786 622 potestatem
814 543 891 628 ejus
913 546 1039 630 redigit.
1094 549 1149 614 23.
1176 549 1264 618 Post

167 628 377 796 313:de
392 635 519 703 mllnm
532 638 669 722 Scythis
686 644 796 721 inicrt,
815 644 907 732 quod
929 651 1077 732 sequenti
1093 651 1263 720 volumine

663 857 769 910 ΝΟΜ

198 959 210 992 ¹
236 959 365 1026 Urium
388 964 479 1029 spu]
507 967 578 1020 Dum
599 971 694 1023 llarlnr
732 973 813 1024 murlo
834 974 930 1025 everris
950 975 1001 1026 tris
1023 989 1160 1040 presumo
1184 977 1263 1032 nciliis

169 1035 695 1112 nrhrsnomnibnscoplisnppugnrtipre,
733 1047 1261 1120 oflssljorsltpstibuilsllrhyloniamqus

167 1112 260 1176 apertis
281 1114 370 1164 Cissiis
391 1123 421 1167 ct
443 1117 580 1171 Belidihns
603 1123 693 1188 portis,
733 1121 1061 1191 Zopyrmqaoadriveret,
1070 1127 1155 1180 dedit.

168 1189 393 1242 Pemsinnrbem
410 1193 562 1247 introducit.
594 1198 692 1248 Darius

584 1707 749 1784 LIBER
785 1710 841 1783 ll.

504 1965 734 2018 nssvlsuwsl
751 1965 924 2017 ceritum.

206 2111 237 2174 L
258 2109 459 2193 Scytharum
475 2111 569 2193 origo
586 2118 620 2178 et
634 2113 832 2196 antiquitas,
846 2113 890 2177 de
915 2131 982 2198 qua
998 2132 1075 2179 cum
1090 2115 1260 2200 AEgyptiis

163 2210 378 2277 contendunt.
423 2211 456 2276 2.
479 2211 677 2296 Descriptio
691 2212 839 2295 Scythiae
854 2218 889 2278 et
902 2232 1031 2278 morum
1044 2216 1165 2296 gentis,
1180 2235 1258 2300 quse

163 2309 200 2373 iu
211 2311 373 2396 plaustris
387 2310 511 2394 degum
518 2313 681 2398 justitiam
695 2313 777 2378 colit
790 2318 825 2378 ct
834 2313 1080 2379 continentiam.
1122 2315 1154 2380 3.
1177 2317 1262 2400 Sey-

164 2411 289 2477 tharum
302 2412 462 2479 fortitudo
473 2413 608 2480 bellica.
652 2413 835 2499 AEgyptios
847 2411 973 2496 fugant,
989 2413 1174 2499 Asiamque
1187 2412 1261 2479 red·

164 2513 468 2581 drmttributariem.
511 2516 545 2583 4.
568 2514 776 2581 Amazonum
796 2534 818 2581 a
841 2514 975 2599 Scythis
994 2500 1105 2599 ὀτίςο,
1127 2516 1261 2599 regium,

164 2632 216 2679 res
238 2620 357 2699 gestie.
396 2616 429 2681 5.
454 2616 588 2681 Bellum
610 2616 809 2702 Scythamm
833 2616 994 2681 advmsus
1022 2635 1151 2695 servos,
1176 2634 1261 2701 quos

164 2715 277 2800 lepido
292 2720 517 2799 strategemate
531 2718 722 2802 reprimunt.
760 2718 886 2782 Darius
901 2716 1049 2803 Scythis,
1065 2717 1184 2783 deinde
1204 2716 1262 2783 Io·

163 2818 264 2882 nibus
289 2824 326 2883 et
346 2818 619 2899 Atheniensibus,
644 2820 767 2885 bellum
792 2819 900 2885 infert.
953 2820 984 2884 6.
1013 2817 1262 2885 Atheniensium

165 2918 270 3003 origo,
284 2918 452 3002 gloriatio,
465 2918 745 2999 industria,artes,
756 2938 862 3002 reges.
886 2920 922 2984 7.
936 2917 1146 3003 Respublica
1159 2917 1263 2983 Athe-

164 3020 289 3084 niensis
313 3018 447 3083 Solonis
474 3019 605 3103 legibus
630 3026 665 3085 et
695 3020 835 3105 politico
861 3024 1093 3101 strategemate
1118 3019 1262 3085 firmata.

164 3116 197 3183 8.
218 3118 418 3184 Pisistratus
443 3126 525 3203 post
548 3140 626 3185 rem.
641 3120 726 3185 bene
750 3125 876 3203 μω
903 3126 1017 3186 contra
1047 3120 1262 3204 Megarenses

166 3219 368 3305 tyrannidem
387 3238 450 3303 per
473 3238 579 3285 annos
601 3220 740 3306 triginta
759 3227 826 3284 tres
849 3226 1003 3304 occupet.
1047 3222 1079 3287 9.
1102 3220 1263 3308 Ejusdem

166 3318 255 3387 iilius
270 3319 422 3404 Hippias
434 3320 542 3404 patria
564 3322 681 3404 pulsus
701 3322 880 3388 Persarum
905 3322 1088 3388 exercitum
1108 3324 1145 3388 in
1167 3321 1263 3389 Grn-

167 3423 253 3487 ciam
267 3421 419 3487 adduxit.
463 3420 547 3487 Inde
559 3422 684 3488 nobilis
699 3422 758 3489 illa
772 3422 984 3489 Marathonia
1002 3440 1125 3510 pugna,
1148 3422 1183 3487 in
1198 3439 1264 3506 qua

167 3523 245 3587 ricti
260 3522 392 3601 Perses,
408 3522 629 3588 Athenienses
643 3524 785 3589 victores
799 3522 883 3588 duce
897 3522 1063 3593 Miltiade.
1105 3522 1160 3588 10.
1184 3522 1266 3586 Dis·

167 3622 288 3688 sidium
316 3624 496 3688 fraternum
523 3622 565 3687 de
593 3642 696 3707 reguo
726 3623 811 3689 inter
842 3622 939 3690 Darii
966 3620 1065 3688 tilios.
1123 3620 1263 3687 Xerxes

167 3724 290 3789 bellum
313 3724 477 3789 adversus
508 3722 651 3789 Graecos
679 3725 842 3790 instaurat
865 3721 1075 3789 ualidissimo
1103 3720 1263 3786 exercitu.

168 3824 219 3889 11.
242 3823 417 3891 Fortitudo
438 3823 691 3907 Spartanorum,
707 3840 850 3907 qunmm
872 3839 935 3887 rex
958 3820 1124 3886 leonidas
1139 3820 1264 3884 Persas

167 3926 209 3991 sd
230 3923 478 4009 Thermopylas
499 3924 646 3992 maxima
668 3922 764 3991 clude
787 3922 903 3988 afficit.
946 3922 1002 3987 12.
1023 3917 1263 3985 Themistoclis

166 4025 327 4094 industria
353 4026 534 4092 Persarum
559 4023 692 4103 classis,
707 4022 750 4087 ad
776 4022 991 4088 Salaminium
1012 4021 1130 4085 fretum
1152 4016 1264 4083 nauali

165 4128 280 4215 praelio
306 4129 411 4208 victa,
437 4131 519 4215 post
547 4125 684 4193 multam
719 4129 863 4205 stragem
899 4122 979 4202 fuga
1009 4120 1073 4183 sibl
1105 4118 1264 4183 consulit.

165 4232 215 4297 13.
237 4232 417 4301 Msrdcnio
433 4229 594 4299 terrestris
608 4228 772 4294 exercitus
787 4222 996 4289 commissus.
1022 4218 1159 4287 Xerxes
1175 4238 1263 4303 tegre
