3084 4900
449 399 684 450 assensuri
711 403 756 450 nr
779 403 1023 454 emeruerit.
1243 393 1288 457 87

550 541 572 584 *
594 542 751 608 Libvu.
772 561 851 628 cap.
863 545 920 611 aa

234 671 404 739 Maximus
419 673 496 740 illas
515 676 693 761 Scythicas
713 687 840 762 gentes,
866 665 1127 766 formidatasque
1153 685 1285 748 cunctis

191 775 385 858 majoribus,
400 775 597 842 Alexandro
612 798 747 864 qnoque
763 780 812 846 illi
826 779 962 864 Magno,
984 781 1074 847 sicut
1102 781 1284 870 Pompeius

191 871 433 960 Corneliusque
447 881 560 944 testati
576 887 663 958 sunt,
678 879 834 959 evitatas,
848 884 908 946 &a

190 1046 376 1116 Iernonus
401 1047 505 1117 Libro
530 1051 571 1116 de
597 1049 725 1118 Natura
737 1070 855 1130 rerum,
871 1054 979 1136 quiin
995 1053 1082 1120 Mas.
1098 1056 1139 1120 P.
1156 1054 1281 1122 Pitboei

490 1153 683 1220 inscribimr
693 1154 736 1218 (le
751 1153 979 1220 Asbonomia.

232 1281 285 1346 De
300 1287 411 1348 monte
425 1283 529 1350 AEma
542 1285 566 1352 J
567 1287 697 1352 ustinus
708 1287 743 1352 in
757 1286 843 1352 libro
851 1287 1061 1354 historiarum
1074 1291 1123 1356 itu
1131 1291 1279 1376 scripsit:

185 1379 315 1448 Sicilia
329 1385 431 1450 tellus
444 1388 554 1458 tenuis
566 1407 607 1452 ac
622 1389 748 1472 fragilis
761 1393 797 1454 et
806 1390 962 1456 cavernis
976 1390 1173 1474 quibusdam
1187 1393 1280 1458 tistu-

184 1482 292 1567 b'sqne
306 1485 358 1551 ita
372 1487 600 1570 penetrabilis,
620 1491 680 1554 &a

216 1617 282 1668 Qua
294 1625 400 1672 curret
409 1619 455 1672 lib.
466 1635 505 1672 rr.

386 1785 618 1854 Joaunnous
634 1787 737 1854 Libro
752 1789 905 1855 derebus
920 1787 1084 1855 Getbicis.

224 1918 279 1985 Ex
294 1940 433 2004 qnorum
446 1921 661 2006 [Gothorum]
681 1924 816 1990 nomine
830 1900 884 1990 rel
898 1942 1016 2007 penem
1029 1925 1158 2008 'lingue
1177 1923 1276 1992 Pom·

179 2023 278 2104 peius
295 2024 493 2090 Parffiorum
506 2025 588 2092 dicit
600 2026 752 2092 extitisse
765 2025 972 2110 prosapiam.

670 2199 782 2265 Inau.

222 2335 318 2400 Tunc
332 2333 441 2420 Cyrus
454 2355 513 2402 rex
533 2335 725 2414 Persarum,
747 2341 824 2420 post
844 2333 967 2417 pande
989 2333 1213 2412 intervallum,
1239 2342 1274 2401 et

177 2460 263 2523 pene
278 2444 357 2525 post
369 2443 599 2503 sexcentorum
612 2437 744 2520 triginta
758 2455 917 2501 annornm
932 2441 1094 2518 tempora,
1104 2435 1272 2519 Pompeio

176 2540 290 2624 bicgo
304 2546 457 2617 testante,
472 2536 631 2605 Getarum
645 2538 766 2621 regine
782 2536 944 2614 ibamiri,
969 2536 1035 2601 sibi
1053 2536 1204 2616 exitiale,
1224 2538 1273 2601 in-

177 2642 252 2706 tulit
265 2643 398 2707 bellom.

239 2807 261 2850 ⁵
277 2808 481 2875 Ssavsrus
498 2807 624 2874 nurus
641 2804 951 2875 Faunsnuansrs:
973 2802 1130 2889 Epistola
1145 2818 1214 2869 xx.

217 2940 334 3007 Refert
345 2941 529 3025 Pompeius
542 2940 896 3027 TrogumMitbridatir
907 2940 996 3023 regia
1004 2940 1149 3005 interam
1157 2939 1269 3005 excel·

175 3042 310 3107 lentiam
324 3048 621 3125 premonstratam,
635 3042 689 3107 bis
703 3043 832 3110 verbis:
856 3041 1044 3108 Nemetae
1057 3058 1126 3124 quo
1137 3037 1269 3122 penitus

172 3150 335 3222 manno,
358 3150 393 3209 et
411 3162 452 3209 eo
473 3163 543 3228 quo
555 3161 691 3228 regnare
703 3146 845 3229 primum
858 3144 972 3228 coepit,
1001 3141 1099 3207 stella
1121 3146 1269 3206 cometes

173 3263 232 3327 per
245 3250 426 3330 uti-nmque
445 3253 576 3331 tempos
597 3248 808 3332 septuaginta
828 3246 949 3311 diebus
963 3246 1011 3309 ita
1024 3242 1123 3321 luxit,
1147 3246 1186 3307 ut
1198 3261 1268 3307 cos·

171 3346 241 3411 lum
249 3366 347 3413 omne
362 3346 503 3431 flagrare
514 3348 691 3415 videretur.
721 3348 812 3414 Naru
823 3353 856 3413 et
868 3346 1090 3431 magnitudine
1105 3345 1156 3411 sni
1171 3362 1268 3428 quar·

171 3456 241 3513 tam
256 3449 334 3515 coeli
350 3456 478 3534 putem
494 3456 734 3535 occupatorem
749 3450 931 3533 etfulguris
939 3448 993 3513 sui
1006 3448 1109 3513 radiis
1123 3448 1267 3512 nitorem

172 3552 254 3615 solis
268 3552 403 3630 vicerat,
419 3560 465 3630 et,
481 3572 557 3617 cunr
569 3553 709 3618 oriretur
724 3553 1015 3635 occumberetque,
1044 3554 1184 3633 quatuor
1206 3548 1267 3611 bo·

171 3670 276 3716 rurum
292 3654 440 3738 spatium
456 3656 684 3719 consumebat.

317 3833 339 3876 ⁵
362 3832 643 3899 Lnrnrasunus
659 3834 693 3898 in
708 3831 921 3899 Adversariis
934 3851 1023 3897 num.
1040 3830 1116 3895 201.

210 3964 350 4031 Memini
365 3984 421 4031 me
436 3965 558 4049 legisse
571 3966 604 4030 in
616 3965 825 4032 Bibliotheca
835 3962 991 4031 Fuldeusi
1008 3964 1043 4028 in
1056 3964 1149 4028 libris
1159 3960 1264 4043 Trogi

168 4067 327 4154 Pompeii,
342 4066 538 4151 Augustum
553 4067 688 4132 dedisse
703 4067 851 4133 edictum
878 4066 919 4131 de
944 4063 1165 4130 describendo
1184 4064 1264 4129 orbe

165 4168 363 4247 Tarracone,
377 4172 414 4233 et
427 4168 519 4233 idem
533 4168 677 4237 edictum
698 4171 733 4235 in
754 4170 814 4236 illo
834 4168 921 4233 libro
947 4165 1122 4232 dicebatur
1145 4164 1262 4230 datum
