3084 4900
569 373 643 422 mn.
665 374 689 422 r.
713 374 793 424 cre.
815 357 868 423 lo.
1216 357 1262 424 dd

165 531 220 580 res
231 510 406 578 victoriam
429 515 622 590 moraretur,
647 512 730 578 nihil
754 512 881 596 negotii
903 511 1100 596 superesse!
1141 517 1173 580 ⁷.
1197 515 1263 580 Per

167 621 294 680 noctem
311 612 429 678 deinde
442 632 565 696 equum
588 612 695 697 pridie
709 614 919 678 constitutam
941 613 1031 678 diem
1050 614 1095 678 ad
1118 614 1262 680 eundem

167 714 278 792 locum
293 712 396 791 ducit,
411 713 523 797 ibique
537 733 634 796 equae
649 713 809 792 admittit,
828 720 920 780 ratus
941 733 988 780 ex
1012 716 1184 798 voluptate
1206 737 1263 781 re·

167 813 428 892 constaturam,
441 814 667 898 quoderenit.
710 814 742 880 8.
764 814 977 881 Posterndie
989 816 1264 899 itaque,cnmnd

170 921 325 982 sistulum
340 915 451 980 boram
466 935 583 982 omnes
603 916 854 996 conuenissent,
879 917 977 982 Darii
1000 937 1117 1000 mons,
1131 920 1263 1000 cognito

169 1017 257 1096 loco,
270 1035 315 1080 ex
330 1015 496 1082 desiderio
510 1017 657 1084 foeminae
670 1019 834 1086 hinnitum
845 1019 959 1084 statim
973 1019 1090 1096 edidit,
1099 1025 1143 1096 et,
1157 1021 1266 1100 segni·

170 1119 234 1183 bos
247 1118 337 1196 aliis,
352 1117 435 1182 felix
449 1119 639 1202 auspicium
652 1119 787 1186 domino
801 1121 927 1204 primns
941 1120 1060 1186 emisit.
1102 1120 1134 1184 9.
1156 1119 1266 1184 Tanta

170 1219 352 1284 moderatio
367 1220 488 1284 ceteris
501 1219 576 1299 suit,
591 1222 708 1286 audito
729 1222 893 1305 euspicio,
912 1225 948 1285 nt
970 1221 1147 1287 confestim
1170 1223 1266 1303 equis

173 1319 375 1397 nominarint,
390 1324 425 1384 et
438 1320 576 1386 Dorium
597 1341 705 1404 regem
730 1319 994 1390 salutaverint.³‘¹
1036 1323 1090 1386 10.
1111 1321 1288 1404 Populus,

173 1439 309 1504 qnoque
337 1419 525 1518 moerens,
551 1429 683 1488 mentm
705 1423 871 1508 judicium
898 1423 1099 1507 principum,
1127 1421 1268 1486 eundem

173 1541 283 1604 regem
298 1521 485 1592 constituit.
525 1523 577 1588 11.
600 1523 659 1590 Sic
674 1543 812 1607 regnum
827 1525 1019 1603 Persarum,
1032 1529 1160 1606 septem
1172 1523 1269 1588 nobi·

173 1621 376 1688 bssimornm
392 1622 556 1688 virorum
570 1625 691 1688 virtute
705 1626 898 1707 quaesitum,
921 1629 989 1688 tem
1010 1624 1079 1688 leri
1101 1627 1269 1687 momento

174 1725 209 1790 in
223 1743 330 1790 nnum
343 1725 592 1820 collatnmleetf
634 1727 689 1792 12.
713 1725 913 1791 Incredibile
935 1732 1075 1809 prorsus
1095 1729 1188 1789 tanta
1210 1743 1270 1807 pa·

175 1827 293 1892 tientis
308 1826 454 1892 cessisse
477 1835 564 1906 eos‚⁵
592 1827 683 1912 quod
702 1835 740 1894 nt
764 1829 927 1911 eriperent
948 1825 1073 1907 Magis,
1095 1824 1180 1890 mori
1202 1843 1271 1888 non

177 1928 415 1992 recusaverint.
460 1928 510 1994 13.
533 1927 747 2013 Quanquam,
762 1936 883 2012 preter
896 1928 1035 1992 formam
1048 1927 1271 2008 virtutemque

176 2027 239 2094 boc
269 2028 410 2112 imperio
439 2027 584 2112 dignam,
611 2033 715 2096 etism
741 2030 899 2110 cognatio
924 2028 1031 2092 Dario
1055 2027 1173 2108 juncta
1196 2045 1273 2090 cnm

177 2129 329 2214 pristinis
344 2131 479 2212 regibus
493 2131 565 2200 ruit.
602 2131 655 2194 14.
678 2129 852 2212 Principio
865 2128 967 2209 igitur
979 2127 1082 2208 regni,
1097 2125 1175 2209 Cyri
1186 2126 1274 2207 regis

177 2227 300 2296 filiam‘
321 2232 357 2294 in
380 2232 621 2296 matrimonium
645 2231 785 2314 recepit,
807 2227 972 2311 regalibus
995 2227 1123 2309 nuptiis
1142 2245 1275 2306 regnum

178 2327 386 2396 firmaturus:
409 2337 526 2406 utnon
550 2339 616 2396 tem
635 2331 670 2394 in
683 2336 878 2394 extraneum
892 2326 1097 2402 translatum,
1119 2345 1220 2407 quam
1240 2324 1275 2387 in

178 2429 339 2495 familiam
363 2428 443 2515 Gyri
464 2450 643 2509 reversum,
668 2429 844 2511 videretur.
888 2427 941 2491 15.
964 2425 1142 2511 Interjecio
1157 2423 1274 2490 deinde

180 2538 340 2615 tempore,
356 2550 430 2595 cnm
451 2531 584 2615 Assyrii
609 2532 845 2607 descivissent,
870 2534 904 2593 et
929 2527 1151 2610 Babyloniam
1179 2544 1277 2591 occu·

181 2639 333 2715 possent,
362 2631 572 2716 difficilisque
601 2632 694 2697 urbis
729 2625 944 2715 expugnatio‘
968 2635 1093 2708 esset3’
1112 2633 1278 2692 metuente

214 2823 1156 2893 ‘Inperimandmuteaipmptermanlliamummti

643 2963 809 2983 mmm

185 3070 227 3108 m.
237 3060 263 3107 ⁸.
279 3057 344 3119 legit
353 3072 425 3107 ιιιιπι
436 3056 524 3117 neta.
536 3072 557 3107 r.
569 3072 646 3108 nnurn
659 3073 691 3109 ex
701 3058 817 3111 Diis-s
828 3056 901 3108 Med.
912 3057 955 3105 ed.
965 3055 1047 3106 seen.
1057 3055 1122 3103 vro.
1130 3054 1199 3103 Flor.
1209 3052 1281 3103 Med.

185 3122 247 3172 Par.
260 3121 320 3171 Ale.
331 3122 406 3175 Junt.
418 3124 603 3175 niueum-l
621 3123 794 3174 Desideratnr
804 3124 830 3171 in
842 3121 915 3171 Med.
928 3120 1004 3169 Rodl.
1018 3118 1084 3169 coti.
1098 3119 1130 3168 N.
1144 3117 1187 3167 ed.
1198 3118 1279 3166 Becb.

185 3186 252 3236 ven.
263 3185 332 3236 Flor.
345 3184 419 3237 Med.
432 3186 492 3237 Par.
503 3184 562 3236 Ale.
573 3186 697 3238 ‚lunt-t
714 3188 791 3252 vulg.
811 3186 884 3236 Med.
901 3185 983 3248 Magi.
1000 3198 1060 3232 curn
1074 3189 1177 3250 septem
1187 3182 1281 3231 eliisei

687 3346 795 3399 ΝΟΜ

219 3474 339 3537 *nean
347 3474 515 3539 ulmal]
532 3475 603 3526 Dum
614 3476 639 3527 in
648 3476 718 3527 Mna·
758 3478 811 3526 isse
832 3474 913 3525 reiert
933 3472 1031 3523 llerod.
1067 3470 1141 3521 Inter
1157 3485 1202 3521 eos
1217 3470 1285 3520 enim

190 3560 292 3616 uegetas
311 3552 408 3601 belin·
424 3559 528 3613 gereret
544 3552 638 3615 Cyrus,
654 3552 719 3601 uidit
759 3557 926 3611 consonent,
945 3558 975 3598 nt
987 3548 1043 3611 regi
1057 3561 1110 3597 non
1120 3547 1220 3609 liceret,
1235 3545 1285 3595 nisi

191 3630 217 3679 in
239 3628 345 3678 somniis
371 3630 489 3690 Darium,
514 3643 590 3692 quern
613 3636 721 3692 propter
760 3626 890 3677 einmilia
904 3624 1106 3687 conjuratorum,
1125 3636 1230 3672 uxorem
1247 3634 1286 3668 rn-

191 3710 294 3753 ttntem
316 3704 342 3752 in
364 3704 474 3753 Perside
497 3702 640 3766 Hystaspes
662 3702 721 3753 reli·
760 3717 839 3751 ruere.

192 3786 292 3843 querat,
316 3778 452 3827 bibentem
475 3778 501 3826 in
523 3778 634 3827 humeris
657 3778 722 3841 alas,
793 3775 893 3825 'Urbis
908 3770 1064 3837 emmelis]
1086 3772 1156 3821 Dum
1177 3766 1287 3830 Babylo·

191 3868 298 3919 qurum
319 3854 402 3903 altera
418 3852 517 3915 Arium,
535 3852 619 3902 rltcrn
641 3854 722 3903 Euro-
760 3850 830 3901 niam
840 3849 943 3900 obsidet
958 3848 1062 3907 Derion,
1078 3860 1095 3895 e
1110 3845 1189 3894 serris
1202 3844 1286 3905 Baby-

191 3944 260 3993 μη,
282 3928 458 3987 inumbraret;
487 3942 567 3992 quere
595 3926 721 3990 Hystaspi
761 3928 825 3976 lonii
844 3926 900 3975 ensi
918 3930 979 3974 sont
995 3923 1067 3971 illurn
1086 3920 1204 3980 irridere,
1220 3916 1287 3981 qood

192 4003 273 4053 dixit:
303 4003 398 4051 ‘'l'rrns
420 4002 487 4051 tilius
509 4002 570 4051 mibi
590 4009 619 4053 et
641 4016 722 4066 regno
761 3993 1290 4058 2⁰.mcnribusnilrilproiecissetmrbem·

192 4094 250 4131 meo
262 4078 366 4129 insidier
379 4076 502 4128 molitur!
762 4088 812 4139 qne
824 4087 839 4122 ι
850 4073 933 4123 Dario
946 4068 1096 4132 capiendrm
1108 4068 1220 4131 jactare,
1231 4080 1289 4114 enni

225 4162 236 4189 ²
269 4155 328 4219 Cyri
346 4155 411 4216 regu
421 4151 514 4219 filiun]
563 4150 722 4203 andimam
763 4150 833 4201 mnia
842 4147 995 4213 peperisset.

195 4238 291 4291 temen,
310 4230 419 4280 ottenis
434 4230 522 4291 tillem,
542 4228 724 4281 uxoremdnx·

265 4310 377 4373 ”ziphei
391 4306 446 4359 Ver.
460 4308 524 4359 Cius.
700 4304 793 4353 Jnrir.
1204 4297 1227 4345 E
1326 4362 1331 4379 Ι
