3084 4900
607 419 676 467 urs.
701 419 781 467 xrv.
805 421 886 470 our.
908 407 941 472 3.
1247 413 1312 480 261

217 578 353 642 operum
369 559 576 624 orientolium
592 561 733 643 socios;’
755 581 844 627 nunc
872 564 1019 647 ‘refugia
1040 548 1156 631 salotis
1180 587 1252 632 sure
1277 579 1311 635 et

217 661 317 724 unico
342 659 518 742 proesidia'
543 680 825 726 commemorans:
865 665 897 728 9.
920 649 930 698 ἕ
942 665 1035 731 solos
1060 685 1148 746 esse,
1174 689 1310 752 quorum

216 761 336 824 virtute
351 760 461 825 oriens
475 763 519 826 sit
533 761 693 842 domitus;
710 764 802 828 solos
818 765 876 848 qui
887 765 1038 831 militium
1048 767 1166 833 Liberi
1180 771 1309 853 patris,¹

216 863 272 944 qni
288 861 446 926 Herculis
460 869 681 942 monumenta,
697 867 898 948 superarint:
928 867 981 932 10.
1007 889 1067 951 per
1082 869 1143 934 hos
1165 869 1310 934 Alexan-

216 967 308 1029 drum
325 962 485 1045 Mugnnm
499 964 644 1047 fuctum
669 986 731 1048 per
751 968 814 1032 tros
830 969 962 1033 divinos
973 970 1114 1035 honores
1130 977 1163 1036 et
1178 973 1309 1036 immor·

215 1064 314 1128 telem
330 1063 466 1145 glorium
481 1073 694 1131 consecutum
704 1067 723 1132 τ’
763 1069 816 1132 ll.
838 1077 924 1147 oret,
958 1075 1017 1137 ‘ut
1031 1078 1174 1137 nontam
1189 1073 1309 1136 ducem

162 1231 168 1243 ,
216 1185 255 1230 se
269 1185 371 1249 quam
385 1165 645 1233 commilitonem
660 1170 833 1253 recipiant,
849 1190 1016 1256 unumque
1030 1193 1073 1238 ex
1093 1190 1231 1256 corpore
1245 1180 1307 1238 sno

216 1285 292 1331 esse
305 1266 429 1334 velint?
471 1267 524 1332 12.
547 1268 723 1352 Receptus
749 1270 813 1335 hac
835 1271 919 1352 lego,
941 1273 1103 1354 paulatim
1119 1273 1307 1356 imperium,

214 1369 356 1451 primum
369 1370 533 1435 monendo
548 1371 705 1453 singulos,
721 1390 801 1436 mox
818 1390 896 1454 quoe
908 1393 1081 1456 perperam
1103 1373 1194 1438 facto
1216 1377 1310 1438 erent

117 1461 119 1463 ’
215 1470 334 1534 blundo
346 1471 548 1553 corrigendo,
563 1480 747 1555 usurput:m
771 1474 852 1538 nihil
873 1474 909 1537 in
932 1475 1052 1538 castris
1075 1475 1145 1538 sine
1166 1475 1226 1538 illo
1241 1476 1307 1556 agi,

215 1571 297 1636 nihil
312 1571 534 1636 administrari
549 1575 622 1637 sine
638 1573 773 1639 solertia
788 1575 892 1652 illine,
907 1579 1047 1658 poterut.

220 1697 225 1704 ·
257 1671 348 1736 Gur.
377 1688 433 1735 ιιι.
477 1673 509 1738 l.
532 1671 588 1737 Ad
610 1679 830 1757 postremum²
857 1694 933 1739 cum
959 1673 1166 1757 Antigonum
1192 1677 1304 1741 venire

214 1792 290 1837 cnm
303 1775 452 1846 exercitu
464 1776 651 1840 nuntiatum
667 1782 769 1854 esset,
794 1777 963 1859 compellit
985 1795 1043 1839 eos
1064 1777 1100 1839 in
1123 1776 1227 1840 aciem
1250 1776 1307 1840 de-

95 1945 105 1964 ·
196 1927 200 1934 .
215 1874 382 1938 scendere.
426 1875 459 1940 2.
482 1875 549 1952 lbi,
568 1876 646 1941 dnm
660 1876 758 1941 ducis
771 1877 912 1959 imperia
926 1881 1150 1954 contemnunt,
1165 1877 1307 1941 hostium

213 1977 334 2040 virtuto
351 1975 593 2059 superantur.'⁰
643 1977 677 2042 3.
700 1976 742 2040 In
755 1996 797 2041 eo
811 1978 927 2061 praelio
940 1997 1004 2041 non
1019 1977 1155 2058 gloriam
1178 1983 1308 2042 tuntum

213 2082 262 2140 tot
270 2077 439 2154 bellorum,
450 2096 527 2140 cnm
544 2077 743 2160 conjugibus
753 2083 788 2142 et
798 2077 922 2153 liberie,
933 2077 992 2142 sed
1008 2086 1044 2141 et
1058 2079 1193 2161 proemia
1208 2078 1308 2161 longa

213 2179 334 2242 militia
355 2182 461 2261 purte,
484 2177 710 2260 perdiderunt.
753 2180 786 2245 4.
809 2178 876 2243 Sed
901 2179 1080 2256 Eumenes,
1108 2181 1165 2262 qui
1191 2190 1308 2243 auctor

214 2277 318 2342 cludis
332 2283 414 2356 erut,
425 2297 486 2343 nee
501 2279 602 2343 alium
613 2284 709 2361 s'pem
725 2278 844 2343 salutis
859 2279 1022 2362 reliquam
1037 2279 1189 2355 habebat,
1198 2280 1308 2344 victos

212 2379 415 2445 hortabatur.
452 2381 484 2443 5.
501 2379 591 2443 Num
608 2388 643 2444 et
656 2384 667 2412 ‘
680 2380 804 2444 virtute
819 2399 876 2445 eos
891 2381 1075 2464 superiores
1089 2379 1211 2444 luisse’
1224 2380 1308 2444 affir-

212 2483 343 2547 mabat:
373 2482 525 2565 ‘quippe
545 2484 588 2546 ab
605 2482 658 2546 his
682 2482 829 2565 quinque
851 2482 955 2547 millia
969 2482 1116 2547 hostium
1132 2502 1238 2562 caesa3
1262 2488 1308 2561 et,

213 2584 292 2649 siin
305 2584 397 2648 bello
409 2588 565 2665 perstent,
580 2582 666 2647 ultro
681 2582 796 2648 hostes
810 2602 929 2666 pacem
945 2583 1120 2666 petituros.
1156 2582 1188 2645 6.
1203 2581 1307 2645 Dum·

211 2704 266 2763 na,
279 2687 399 2770 quibus
414 2684 574 2749 revictos
589 2690 723 2767 putent,
738 2682 806 2747 duo
821 2684 929 2748 millia
944 2683 1115 2747 mulierum
1127 2687 1160 2746 et
1175 2700 1307 2764 paucos

212 2786 353 2852 infantes
367 2793 402 2851 et
415 2786 549 2850 servitiu
564 2803 653 2862 esse,
666 2802 744 2867 quae
759 2785 877 2849 melius
891 2781 1053 2848 vincendo
1067 2783 1197 2865 possint
1211 2800 1307 2864 repu-

213 2905 294 2966 rure,
320 2906 421 2971 quum
443 2885 623 2950 deserendo
648 2884 848 2951 victoriam!
890 2887 922 2949 7.
945 2883 1051 2948 Porro
1065 2882 1308 2966 Argyraspides

214 2990 225 3019 ‘
240 3006 347 3072 neque
359 2989 470 3072 fugam
486 3007 524 3052 so
538 2987 741 3053 tentaturos'
755 2986 869 3051 dicunt
895 2991 1000 3068 ‘post
1013 2984 1137 3047 damna
1149 2984 1309 3067 patrimo·

671 3134 848 3155 mm

637 3218 654 3265 ἱ
669 3214 742 3266 Iaeitl.
752 3220 777 3266 Β.
786 3220 810 3265 t.
820 3230 845 3278 p.
857 3214 886 3263 l.

706 3338 815 3393 NOTAE

245 3458 264 3487 ¹
283 3454 398 3519 vmpd]
415 3453 536 3504 Honeste
551 3469 613 3505 ntor
632 3456 740 3519 imperio
811 3462 824 3487 ⁰
840 3450 999 3517 Superum]
1016 3450 1171 3513 Antigonus,
1187 3450 1308 3500 Eumenis

213 3529 241 3579 in
252 3536 395 3580 uestrorum
406 3530 503 3580 tutiore
514 3532 581 3593 loeo,
598 3531 740 3581 Alexandri
780 3528 970 3594 impedimentis
976 3526 1241 3592 prorumpentem
1248 3527 1310 3576 Per·

214 3605 326 3666 nomine,
337 3604 429 3655 statuit
440 3606 646 3669 tubernaculum,
661 3606 687 3654 in
698 3620 741 3655 eo·
781 3607 843 3657 ridie
862 3602 1015 3669 prefectum
1034 3616 1092 3651 cum
1110 3602 1163 3651 sois
1180 3601 1206 3649 in
1222 3600 1309 3663 turgum

215 3693 265 3744 que
277 3680 378 3743 cellum,
388 3694 493 3730 aureum
502 3686 676 3744 sceptrum‚et
686 3680 740 3728 dir·
780 3679 877 3731 vertit:
897 3677 943 3726 red
954 3678 1081 3726 Eumenes
1092 3682 1178 3725 certus
1189 3685 1234 3725 unt
1245 3675 1310 3725 mori

214 3755 291 3805 deme
302 3757 363 3821 poni
377 3756 465 3820 inerit,
481 3772 565 3822 eoque
582 3771 671 3807 omnes
681 3770 742 3822 quo·
782 3761 827 3807 unt
839 3754 951 3815 vincere,
970 3752 1088 3815 equitatu
1102 3748 1135 3799 ed
1148 3764 1174 3798 re
1193 3756 1310 3814 recepto,

216 3831 281 3881 tidie
302 3830 450 3895 convenire,
470 3840 501 3883 ut
523 3833 560 3883 ibi
580 3832 614 3882 de
637 3833 742 3883 summis
781 3837 806 3881 t.
818 3829 928 3880 hostium
937 3828 976 3876 Μ.
991 3824 1079 3875 credit.
1114 3824 1164 3873 Ubi
1183 3832 1260 3889 captu
1275 3824 1309 3874 alr

217 3906 295 3956 rebnt
306 3906 411 3955 consiliu
422 3915 587 3971 cuperentur.
782 3906 913 3971 Antigono
928 3901 1115 3965 impedimenta
1131 3898 1240 3961 audivit,
1260 3901 1310 3951 ite·

246 3988 259 4014 ¹
274 3983 475 4047 nomm]
490 3982 550 4034 lem
567 3984 701 4046 Euphrate
714 3988 743 4032 et
783 3996 839 4032 rum
859 3976 998 4038 confligere
1019 3975 1127 4025 statuit:
1152 3974 1198 4023 red
1214 3974 1310 4027 frustm

213 4058 322 4121 ’ligrido
340 4065 472 4120 superato,
489 4058 568 4107 semei
584 4058 742 4124 Antigonum
784 4053 973 4120 Argyraspides
993 4052 1110 4100 hortetur
1129 4055 1171 4100 ent
1191 4050 1223 4100 erl
1246 4066 1309 4117 pog-

214 4140 325 4199 propter
336 4132 472 4183 Gabienen
484 4134 592 4186 vireret.
783 4146 852 4192 nam,
868 4127 950 4193 quiin
968 4124 1089 4175 mulieres
1105 4131 1133 4175 et
1144 4124 1237 4176 liberos
1249 4141 1310 4192 cep-

247 4207 263 4238 '
279 4208 438 4261 &Malta
456 4208 593 4261 otrrou.
611 4210 744 4262 U.Qtt⁸.
784 4215 825 4259 tor
836 4206 869 4257 ub
881 4202 1013 4266 Antigono
1022 4215 1138 4266 pugnero
1149 4208 1308 4255 recumunt.

214 4284 278 4338 Ant.
290 4286 338 4338 Cir.
349 4288 407 4336 stt.
1261 4324 1264 4332 .
