3084 4900
638 371 860 421 usurario.
1111 379 1116 388 ·
1260 354 1305 421 23

257 513 365 580 Senia
376 513 637 580 Mediolanensia
651 516 933 582 infoliocumbae
947 514 1181 598 inscriptione:
1204 513 1305 579 ‘Tro-

212 615 413 700 giPcmpeii
428 615 580 682 Historia
593 637 653 702 par
666 617 835 684 lustinum
858 618 894 682 in
912 616 1144 699 compendium
1170 614 1305 680 rmaata

214 718 880 801 proximequamemendatissimesdita.’
922 719 1091 784 Justimm
1107 717 1305 782 comitantur

211 815 335 882 Florus
350 825 386 882 et
395 816 519 896 Rufus,
532 821 630 904 cujus
639 819 705 884 line
719 817 868 886 additur:
891 820 1046 898 ‘Habea
1059 817 1211 884 Candida
1222 818 1306 882 lec·
1367 890 1370 895 ¹

210 926 275 995 tor,
289 919 325 982 in
337 918 403 984 boc
417 920 583 985 volumine
598 940 664 986 non
683 923 793 987 miuus
817 922 915 988 utilia
933 938 1035 1005 quam
1052 919 1166 1004 lepida
1179 919 1202 984 J
1205 919 1305 984 ustini

212 1020 248 1084 in
261 1018 421 1102 drogum,
447 1027 481 1086 et
504 1021 597 1086 Flori
615 1023 650 1088 in
676 1023 829 1088 Livium:
851 1025 990 1107 insuper
1011 1023 1110 1088 Sexti
1131 1020 1222 1086 unffi
1244 1022 1306 1086 viri

212 1122 400 1186 aemularis
412 1121 607 1204 Epitbomes
626 1139 730 1207 nuper
751 1124 1011 1206 casdgatissim
1035 1121 1220 1188 Mediolani
1245 1123 1303 1186 im·

214 1239 351 1303 praem
365 1219 455 1305 apud
469 1221 681 1288 Leonardum
695 1222 838 1304 Vegium
854 1241 945 1289 ω.
956 1240 996 1290 x.
1014 1221 1121 1290 Nonis
1136 1224 1262 1289 Maiis!

258 1320 410 1406 Septima
434 1323 636 1388 Pariaieusis
659 1324 810 1408 ejusdem
831 1326 946 1391 formae
967 1327 1034 1391 boe
1058 1326 1157 1392 titulo
1179 1325 1305 1409 fulget:

217 1422 363 1488 ‘Justiui
383 1423 549 1490 Historici
580 1424 764 1492 Clarissimi
787 1425 940 1512 Epitume
965 1429 999 1492 in
1021 1428 1124 1510 Trogi
1150 1426 1305 1512 Pompeii

215 1523 400 1590 Misturisr·
427 1525 524 1592 anii
541 1526 631 1592 Hori
647 1527 690 1592 de
706 1528 822 1593 liebus
836 1527 1001 1594 Romania
1012 1527 1176 1613 Epitome.
1207 1529 1304 1594 Sexti
1378 1555 1382 1561 ·

217 1623 306 1690 nrm
320 1625 393 1700 Viri
405 1625 596 1693 Consularis
611 1625 771 1693 Libellus.
817 1628 906 1695 Hunc
919 1631 1044 1705 omnia,
1065 1629 1207 1694 candide
1217 1630 1302 1694 Lac·

215 1734 281 1804 tor,
295 1727 340 1792 ad
354 1733 448 1792 rmus
459 1728 632 1812 exemplar
641 1730 792 1813 reposuit
805 1729 929 1794 Petrus
945 1730 1122 1796 Danaeius.
1159 1729 1309 1794 veneunt

162 1833 165 1838 '
214 1829 252 1892 in
277 1827 409 1894 aedibus
430 1828 573 1894 loannis
595 1829 698 1910 Parvi
721 1832 756 1894 ln
778 1831 836 1896 riu
858 1830 902 1896 ad
925 1831 1037 1895 divum
1062 1829 1231 1895 iacobum
1245 1833 1308 1895 sub

217 1929 314 2012 signo
327 1932 419 1996 aurei
433 1930 535 1996 lilii:
578 1933 756 2017 insodptio
766 1932 974 2016 praefationis
991 1931 1013 1996 J
1016 1931 1117 1996 ustini
1129 1938 1182 1996 ast
1195 1932 1309 2016 bujus·

218 2030 333 2095 modi:
354 2029 500 2096 ‘Justini
516 2031 680 2100 Historici
696 2034 881 2100 Clarissimi
894 2034 931 2098 in
942 2033 1043 2115 'lbogi
1059 2033 1210 2117 Pompeii
1226 2033 1309 2096 His·
1327 2088 1331 2096 ,

217 2132 321 2196 torius
334 2131 497 2198 Praelatio
509 2133 553 2198 ad
568 2131 777 2199 Antoninum
787 2133 1027 2218 Imperatorem
1036 2132 1055 2196 τ’
1076 2138 1111 2197 et
1123 2132 1167 2197 ad
1182 2133 1309 2198 ealoenr

217 2233 295 2298 libri
308 2248 415 2297 xnrv.
438 2233 587 2300 additur:
609 2235 652 2300 ‘J
655 2235 753 2301 ustml
778 2235 972 2320 Bpitomata
990 2236 1025 2300 ln
1047 2234 1191 2316 Trogum
1210 2233 1310 2298 Porn-

220 2335 335 2418 pcium
358 2355 380 2400 a
396 2333 435 2398 Ρ.
449 2336 602 2402 Danuuio
624 2337 765 2403 feliciter
784 2338 934 2402 restituta
957 2336 1131 2420 impressit
1149 2334 1311 2398 Antonius

220 2435 417 2503 Anssurdus
437 2436 480 2503 ad
497 2435 579 2503 idus
602 2436 715 2503 Maias
730 2454 769 2503 n.
784 2455 819 2501 n.
836 2436 930 2501 xrs?
950 2435 1007 2501 Ad
1022 2435 1148 2501 caleam
1171 2432 1248 2499 llnli
1260 2447 1310 2497 re·

221 2536 341 2621 petitur
352 2538 468 2602 eadem
480 2538 634 2616 formula,
649 2556 726 2621 quaa
743 2543 835 2603 extat
847 2539 882 2601 in
895 2538 1038 2602 editione
1053 2534 1310 2611 Mediolanensi,

220 2644 442 2721 preterquam
464 2636 556 2722 quod
569 2638 703 2703 desinat
720 2640 753 2703 iu
776 2637 851 2703 base
864 2639 978 2716 rerba,
1001 2635 1238 2720 ‘Epitbomats
1251 2655 1311 2699 nu-

222 2752 283 2822 per
306 2739 559 2823 castigatissime
585 2737 768 2822 impressa?
810 2738 850 2802 ln
874 2740 1019 2821 margine
1043 2736 1210 2801 adduntur
1231 2737 1311 2802 lem-

221 2847 325 2919 rnuta‚
339 2841 424 2905 inter
444 2860 524 2925 ,qnae
537 2844 715 2913 occurrunt
728 2842 856 2924 aliquot
868 2841 1037 2904 variantes
1058 2837 1312 2921 procedentium

222 2939 399 3009 editionum
412 2942 583 3019 lectiones,
597 2960 682 3026 quas
696 2960 762 3007 una
774 2962 852 3007 cnm
867 2939 1083 3007 Variantibus
1097 2938 1313 3003 incaenium

223 3040 426 3125 Bongarsiia
437 3060 491 3107 me
505 3042 716 3127 locupletatis
731 3043 855 3109 indicio
868 3042 1063 3120 editionum,
1077 3058 1122 3105 ex
1136 3037 1313 3123 quibua'ab

224 3140 343 3207 audem
357 3144 565 3227 amplissimo
580 3144 663 3209 Viro
675 3144 806 3209 fuerunt
815 3145 1009 3227 depromtoe,
1020 3148 1139 3226 praeter
1152 3141 1313 3223 quinqua·

224 3242 316 3325 ginta
327 3242 507 3308 admodum
530 3262 574 3309 ex
597 3244 799 3311 editionibus
813 3264 836 3310 a
847 3264 900 3309 me
918 3245 1062 3310 nondum
1076 3243 1161 3307 visis
1174 3234 1313 3323 escerpl

225 3350 289 3422 tas,
308 3347 344 3409 in
356 3344 423 3411 buc
438 3345 593 3411 volumen
609 3348 723 3411 lubens
737 3347 970 3422 contulissem,
981 3346 1048 3409 nisi
1062 3343 1152 3409 istud
1166 3338 1202 3407 in
1216 3340 1313 3405 nimi-

226 3464 280 3510 am
297 3445 422 3511 molem
436 3446 654 3511 excoriaret.
697 3447 850 3513 celamur
866 3447 952 3509 inter
967 3447 1132 3510 variantes
1145 3444 1314 3516 lectiones,

226 3562 314 3631 quas
327 3546 468 3629 memini
482 3546 611 3613 eddidit
626 3548 806 3625 Danaeius,
820 3554 966 3629 quatuor
988 3550 1165 3610 occununt
1177 3546 1314 3627 prolatas

226 3646 388 3714 sconico
408 3646 625 3726 lexoviensi,
642 3648 701 3733 qui
718 3648 891 3734 antiquum
904 3647 1077 3729 exemplar
1092 3647 1136 3710 ab
1147 3664 1189 3710 eo
1200 3643 1317 3729 appel·

227 3749 331 3815 latura
355 3752 391 3813 ut
413 3746 634 3817 xxxrr.2.6.
678 3748 812 3829 “Qum
831 3766 886 3815 ree
905 3748 1077 3813 Demetrio
1094 3760 1161 3811 non
1176 3744 1317 3828 gratiam

227 3850 417 3934 iurationis,
447 3850 508 3914 sed
535 3850 655 3915 odium
672 3852 935 3928 obtractationis,
962 3846 1182 3932 compararit.
1226 3844 1317 3910 Nam

228 3950 322 4035 apud
332 3950 470 4016 ¹fratrem
485 3950 646 4017 Perseum
660 3954 830 4019 anulatis
843 3948 894 4019 utr
912 3951 1074 4016 invidiam
1088 3947 1267 4024 eontmlt,
1283 3950 1319 4010 st

229 4052 460 4137 upudpstram
473 4058 554 4118 nota
568 4052 786 4119 absolutionis
799 4050 1042 4118 cauruotiennu
1055 4043 1140 4113 init!
1183 4045 1321 4111 inauli-

231 4171 300 4237 qno
311 4148 634 4236 exemplarilegitur,
645 4151 722 4223 Qec
733 4172 781 4216 rer
793 4148 1136 4235 Demetriemngrnriu
1148 4146 1320 4233 legationis,
