3084 4900
252 327 296 392 26
681 334 715 382 A·
737 331 918 382 GRONOVH

254 483 391 558 uadens,
407 477 564 546 seconde
585 495 779 558 anonymus,
801 476 907 560 tertiae
925 473 1160 539 celeberrimus
1183 473 1238 538 ille
1259 469 1345 556 opti'e

257 601 385 656 morum
400 579 607 662 stuprorum
628 593 696 660 qua
719 575 915 642 Graecorum
937 594 1009 658 qna
1029 575 1225 641 Latinorum
1243 572 1348 637 Inter·

257 702 337 767 pres
350 681 499 748 Thomas
512 678 708 752 Poroaoebi.
751 676 896 742 [starum
918 676 1011 741 tituli
1032 677 1266 760 concipiuntur
1285 674 1348 738 boo

258 782 378 850 modo:

304 882 489 947 ‘Ginstino
519 879 694 946 Historieu
716 880 921 962 volgarissto
943 881 1164 963 giustaments
1192 878 1236 942 de
1259 876 1350 942 G'do

260 1003 352 1052 ramo
366 980 602 1066 Squamsfioo:
624 981 787 1064 impresso
800 981 864 1045 alle
877 1001 979 1066 spese
1000 980 1042 1045 da
1060 977 1140 1045 Gio.
1155 980 1191 1044 di
1205 977 1351 1054 &ionia

261 1106 281 1152 e
303 1085 338 1150 di
361 1083 441 1150 Gio.
473 1081 648 1148 Gbarretne
666 1100 854 1166 compagno
876 1085 910 1148 in
931 1082 1078 1164 Vinegia
1098 1083 1195 1148 1477.
1221 1080 1252 1145 l.
1271 1079 1353 1162 Sep·

263 1183 426 1254 tembrez’
447 1183 504 1248 sol.
712 1181 715 1191 '

306 1285 464 1352 ‘susam
479 1283 652 1349 Historieo
671 1282 879 1362 Clarissimo,
900 1284 989 1350 nella
1011 1285 1166 1350 Historia
1189 1283 1226 1347 di
1246 1281 1354 1362 mogo

265 1387 426 1472 Pompeo,
448 1393 665 1452 nuovamente
686 1386 722 1450 in
739 1385 855 1467 lingna
875 1385 1034 1452 Tuscana
1051 1386 1209 1462 trsdottu,
1230 1391 1266 1448 at
1289 1382 1352 1447 eon

267 1507 396 1554 somma
410 1487 582 1572 diligentia
602 1491 636 1552 et
648 1505 729 1552 curn
742 1491 914 1570 stampato
927 1487 963 1550 in
976 1487 1119 1570 vinagia
1132 1483 1240 1552 1542:
1260 1478 1356 1548 etad

268 1589 394 1656 calcem
408 1590 483 1655 libri
499 1604 626 1654 xnrrrr.
660 1589 816 1652 ‘Finlsse
829 1589 854 1652 il
869 1588 971 1652 Libro
984 1587 1021 1654 dl
1033 1589 1057 1652 J
1060 1589 1170 1654 ustiuo
1186 1583 1358 1652 Historieo

269 1692 472 1756 abreviatore
487 1691 523 1758 di
536 1689 648 1773 Trogo
664 1689 816 1774 Pompeo
830 1696 931 1774 posto
953 1689 1217 1774 diligentemonte
1235 1688 1271 1751 in
1290 1700 1360 1750 ma·

269 1799 361 1858 terna
386 1793 511 1874 lingue,
535 1800 568 1857 et
592 1797 760 1876 stampato
782 1793 815 1855 in
841 1790 984 1876 Vinegia
1001 1787 1065 1877 'par
1090 1788 1293 1856 somnam
1317 1781 1360 1849 do

272 1891 414 1960 Bindoni
431 1892 607 1958 Milanese.
624 1890 789 1958 sorren!
804 1891 838 1956 iu
849 1891 897 1955 8⁰.

315 1991 495 2060 ‘Giustino
510 1993 654 2058 Istorico
671 1993 755 2058 nelle
778 1990 900 2058 Istorie
923 1993 958 2057 di
979 1991 1092 2075 Trogo
1117 1993 1279 2074 Pompeu,
1299 1993 1363 2054 tra·

273 2095 368 2170 dotto
382 2113 444 2178 per
460 2093 641 2162 'l'ommaso
668 2093 867 2173 Poreeeebi,
889 2095 923 2158 sl
949 2092 1136 2177 Magnilioo
1158 2113 1179 2157 e
1201 2091 1364 2156 Valoroso

274 2195 393 2277 Signor
408 2195 579 2262 Girolamo
595 2195 869 2278 Magnoouvallo,
891 2195 926 2260 in
949 2195 1098 2278 Vinegia
1111 2210 1230 2279 presso
1244 2192 1269 2257 il
1283 2190 1366 2256 Glo-

273 2295 335 2366 lito
348 2294 456 2361 1661:
478 2303 585 2380 quart.
631 2295 762 2361 Harum
780 2297 898 2380 primur
919 2297 973 2362 rel
992 2297 1100 2362 tertiae
1124 2293 1310 2378 exemplar,
1330 2291 1365 2354 in

274 2414 342 2482 quo
355 2394 491 2479 Prologi
503 2396 661 2465 librorum
672 2395 776 2480 Trogi
789 2395 941 2481 Pompeii
953 2415 1021 2463 uun
1034 2415 1112 2463 eum
1125 2395 1149 2463 J
1150 2397 1261 2462 nstino
1269 2399 1366 2459 exta-

275 2498 367 2577 bant,
392 2499 501 2563 oculis
524 2516 704 2582 usurpasse
729 2497 856 2563 Justini
881 2499 1114 2583 sospitatorem
1138 2514 1276 2563 neeesse
1304 2500 1367 2559 est.

279 2596 496 2681 Prologomm
508 2601 596 2665 enim
610 2599 795 2678 translatio,
817 2618 919 2683 quam
938 2600 1043 2679 editio
1065 2596 1234 2685 Anonymi
1247 2614 1370 2679 reprae·

279 2704 402 2777 santet,
416 2701 535 2765 mirum
548 2706 709 2785 quantum
721 2700 914 2767 ‘discedite
934 2701 1023 2767 Mss.
1042 2699 1228 2780 codicibus,
1250 2692 1370 2783 qulbus

279 2818 361 2865 usus
375 2802 440 2867 fuit
451 2801 514 2866 Vir
529 2801 776 2885 amplissimus:
790 2820 894 2885 quare
908 2804 1008 2867 etiam
1021 2800 1172 2885 ejusdem
1187 2799 1371 2883 specimina

281 2900 436 2984 quaedam
460 2904 497 2967 in
526 2902 797 2969 annotationibus
821 2903 866 2970 ad
890 2904 1056 2987 Prologus
1077 2902 1224 2968 exbibni.
1266 2900 1307 2965 Iu
1328 2917 1371 2963 ea

281 3008 390 3069 autem
416 3002 566 3085 singulos
596 3003 761 3089 Prologus
789 3005 960 3089 excipiunt
983 3004 1105 3088 singuli
1131 3004 1206 3068 libri
1229 3001 1371 3068 Justini:

283 3104 469 3187 eodemque
483 3103 596 3169 urdine
611 3104 745 3169 eosdem
766 3106 870 3171 inisse
893 3106 1040 3189 digestus
1063 3109 1096 3172 in
1116 3106 1234 3171 οοᾱίοο
1249 3103 1317 3168 Ms.
1330 3102 1372 3166 P.

284 3204 421 3283 Pithoi,
435 3204 629 3271 observavit
643 3207 656 3266 l
671 3201 765 3269 erton)

328 3303 457 3374 Praeter
481 3306 583 3371 hasce
607 3312 672 3371 tres
689 3307 866 3373 editionem
886 3308 1013 3375 lustini
1035 3306 1152 3375 ltaliae
1168 3305 1287 3371 redditi
1307 3320 1376 3369 me-

285 3412 394 3475 morat
407 3408 450 3471 cl.
467 3407 620 3473 Mattaira
634 3414 716 3473 tom.
733 3425 775 3475 11.
796 3409 922 3475 Annei.
941 3410 1155 3495 'l'ypogrnpb
1169 3426 1203 3493 p.
1218 3408 1292 3474 ΒΜ.
1312 3406 1377 3469 boo

286 3506 402 3573 titulo:
418 3506 596 3573 ‘Giustino
611 3508 787 3575 Historico
801 3516 1021 3596 nusguments
1034 3511 1070 3574 in
1084 3504 1379 3593 lingua'Poseana

232 3610 234 3615 ’
287 3606 445 3671 tradotto.
488 3607 662 3692 Stnmpato
682 3629 741 3693 per
761 3608 876 3675 Pietro
896 3609 939 3675 de
964 3608 1113 3677 Nioolini
1134 3611 1171 3675 di
1193 3610 1309 3685 Sabin,
1324 3606 1380 3671 del

288 3726 380 3773 meso
395 3706 584 3773 d'Ottobrio
606 3710 641 3773 in
666 3708 811 3793 Vinegla
829 3710 925 3776 lotia
939 3709 1028 3777 8νοῖ
1069 3710 1196 3776 Verum
1218 3711 1284 3776 lstn
1303 3724 1380 3772 esse

781 3892 888 3945 NOTAE

320 4002 333 4045 .¹
352 4001 384 4061 lu
396 3999 448 4051 fiae
464 4000 527 4053 ilar.
545 3960 620 4051 beet.
636 4000 715 4053 ‘Hoe
732 4002 816 4054 solum
857 4011 972 4071 tergum
991 4006 1018 4055 in
1037 4019 1088 4055 nno
1107 4003 1212 4067 eluet,
1228 4004 1317 4068 loquo
1336 4002 1386 4053 urb

293 4074 411 4131 monebo,
419 4075 535 4139 praeponi
546 4089 590 4142 eos
601 4075 750 4143 [Prologus]
759 4078 819 4129 Jur-
857 4081 935 4131 titulo
953 4080 1169 4143 argumentorum
1187 4078 1294 4145 siugulis
1311 4075 1386 4126 libris

294 4147 347 4196 tino
366 4146 391 4199 ts
411 4148 528 4215 omnibns
547 4150 619 4201 libris
635 4153 739 4217 nostrls,
755 4168 820 4217 ρη-
858 4154 957 4210 iustiul
968 4154 1177 4219 slagnllPrologi
1190 4152 1374 4219 praefiguntur:
