3084 4900
603 413 677 462 ura.
701 413 767 464 xv.
791 415 873 464 oar.
894 401 927 464 t.
1246 401 1311 466 275

218 574 296 641 quta
309 559 388 638 poet
400 559 542 622 mortam
568 555 765 634 Alexandri,
787 559 909 624 veluti·
934 559 1119 625 cervicibus
1137 559 1232 650 jugo=
1246 581 1313 625 ser-

218 656 335 724 uitutis
362 677 522 736 excusso,
552 658 733 741 praetactos
761 661 834 744 ejus
868 657 1060 724 occiderat*
1101 659 1153 726 13.
1185 659 1314 727 Auctor

215 757 380 824 libertatis
394 758 655 824 Sandrocottns⁹
668 758 793 826 suerat:
817 760 876 824 sed
898 758 1029 825 titulum
1051 760 1214 826 libertatis
1238 768 1315 844 post

216 861 391 924 uictoriam
412 861 447 923 in
471 861 664 924 servitutem
685 867 829 926 verterat
838 861 857 927 :¹
878 860 931 925 14.
954 860 1119 944 siquidem
1142 871 1312 947 occupato

217 981 330 1043 ragno,
345 961 520 1045 populum,
543 980 641 1044 quem
656 962 699 1026 ab
716 969 856 1027 externa
878 960 1101 1027 dominatione
1123 965 1314 1030 vindicave-
1341 1005 1344 1010 ι

218 1069 282 1140 rat,
303 1064 379 1146 ipse
400 1062 539 1138 servitio
567 1063 746 1145 premebat.
791 1063 844 1128 15.
867 1062 947 1127 Fuit
967 1063 1023 1128 hio
1046 1064 1182 1148 quidem
1199 1067 1315 1132 humili

219 1171 462 1247 generenam,
486 1164 547 1229 sed
568 1165 612 1229 nd
634 1167 725 1258 regui
751 1170 948 1249 potestatem
970 1165 1145 1250 majestate
1171 1169 1315 1232 numinis

218 1266 400 1349 impulsus:
421 1266 475 1332 16.
504 1267 642 1351 qnippe,
664 1287 737 1332 cnm
767 1268 972 1350 procacitate
995 1286 1059 1334 sua
1086 1268 1314 1333 Alexandrum

218 1385 327 1448 regem
350 1364 556 1445 offendisset,
578 1366 770 1432 interficia
793 1387 867 1450 rege
883 1368 1014 1452 jussus,
1036 1369 1174 1434 salutem
1190 1371 1314 1453 pedum

126 1469 127 1472 ’
219 1468 389 1534 celeritate
417 1469 603 1552 quaesierat.
648 1468 701 1532 17.
724 1467 780 1533 Ex
801 1488 869 1553 qna
890 1467 1085 1552 fatigatione
1106 1489 1181 1534 oum
1199 1490 1314 1536 somno

220 1577 341 1653 captus
359 1570 495 1654 jaceret,
517 1571 573 1634 leo
589 1571 731 1651 ingentis
746 1571 861 1636 formae
878 1571 921 1636 ad
936 1571 1150 1636 dormientem
1164 1573 1314 1648 accessit,

219 1672 440 1756 sudoremque
453 1671 668 1756 profluentem
690 1673 802 1755 lingua
820 1673 853 1737 ei
868 1661 1013 1750 det'ersit,
1026 1672 1314 1756 expergefactum-

220 1793 285 1856 que
311 1774 433 1839 blande
460 1775 601 1857 reliquit.
645 1774 696 1843 lii.
720 1774 800 1840 Hoc
822 1775 974 1858 prodigio
997 1776 1139 1858 primum
1161 1773 1205 1840 ad
1219 1794 1314 1857 spem

220 1876 313 1958 regni
334 1876 509 1958 impulsus,
531 1878 712 1942 contractis
732 1876 928 1955 latronibus,
950 1875 1054 1941 Indos
1075 1877 1119 1941 ad
1133 1877 1314 1941 novitatem

219 1977 310 2059 regni
339 1979 553 2042 solicitam!
595 1977 647 2041 19.
679 1975 834 2042 Molienti
863 1977 983 2042 deinde
1003 1977 1125 2041 bellum
1153 1976 1315 2042 adversos

219 2077 397 2162 praefectos
411 2079 598 2146 Alexandri
614 2079 809 2162 elephantus
823 2078 915 2142 ferus
930 2077 1066 2146 inlinitae
1081 2079 1316 2160 magnitudinis

220 2179 307 2266 ultro
321 2200 360 2244 se
374 2182 505 2258 obtulit,
520 2187 554 2245 et
569 2179 671 2244 veluti
685 2178 812 2243 domita
826 2179 1111 2243 mansuetudine¹⁰
1133 2198 1208 2242 eum
1222 2187 1315 2261 tergo

222 2281 375 2365 excepit:
398 2282 532 2366 duxque
558 2281 638 2346 belli
662 2286 695 2346 et
716 2281 885 2364 praelintor
899 2281 1037 2362 insignis
1051 2279 1138 2345 luit·
1179 2281 1235 2345 20.
1257 2279 1316 2345 Sic

222 2383 390 2466 acquisito
403 2403 517 2467 regno,
533 2383 777 2461 sandrocottus
790 2402 833 2447 ea
846 2388 1052 2467 tempestate,
1072 2402 1140 2467 qua
1154 2383 1315 2448 Seleucus

221 2482 342 2551 tuturae
357 2485 590 2567 magnitudinis
605 2485 821 2549 fundamenta
836 2485 996 2569 jaciebat,
1015 2483 1147 2549 Indiam
1162 2483 1316 2568 possida-

221 2584 300 2651 bat:
321 2586 374 2652 21.
389 2607 466 2652 cnm
482 2605 549 2670 qno
564 2586 655 2650 facta
667 2586 845 2669 pactione¹
859 2584 1034 2664 Seleucus,
1056 2586 1317 2669 compositisque

222 2688 259 2751 in
276 2686 414 2753 orlente
425 2690 540 2769 rebus,
559 2689 594 2751 in
613 2688 736 2754 bellum
751 2687 909 2771 Antigoni
925 2686 1105 2752 descendit.
1146 2686 1200 2755 22.
1222 2685 1317 2750 Adu-

222 2790 309 2855 natis
323 2791 438 2873 igiturl
465 2792 613 2855 omnium
635 2790 804 2855 sociorum
828 2790 949 2872 copiis,
971 2790 1122 2871 proelium
1138 2788 1317 2853 committi·

255 2969 267 3005 l
287 2970 366 3022 Veluti
376 2971 400 3020 si
408 2986 531 3021 mm
540 2972 691 3033 ceretium
700 2968 824 3019 seratura
832 2984 848 3018 a
856 2969 906 3018 ruis
914 2967 1050 3031 reustum
1064 2970 1186 3017 maneat
1196 2966 1247 3028 ἠυι
1255 2980 1317 3030 proe-

216 3035 328 3149 itam-M
335 3104 388 3163 pout
397 3099 521 3149 οἱάοήω
530 3102 652 3161 redegerat
661 3099 688 3147 ia
696 3097 835 3147 nemimem
845 3111 885 3147 eoa
894 3096 977 3160 quidet
982 3097 1123 3159 maeret
1134 3094 1275 3145 libertatern.

255 3172 275 3197 ⁸
290 3164 426 3214 Salteitamt
438 3166 508 3215 Iader
517 3167 549 3212 nl
559 3160 752 3224 amfonsus
762 3161 857 3223 imperii
867 3162 1044 3210 instruendam.

255 3237 269 3263 ¹
286 3228 505 3291 Elepiaatersem
514 3228 615 3278 tmere
622 3226 775 3291 punitatis
783 3238 808 3273 re
818 3226 881 3274 ultre
888 3225 926 3273 illi
936 3224 1031 3286 obruto,
1042 3229 1065 3273 rt
1073 3238 1126 3272 erut
1135 3223 1227 3287 recepit
1239 3226 1316 3285 tego,

135 3306 139 3313 ·
222 3297 332 3358 terrm
341 3294 364 3342 rt'
373 3298 432 3343 erret
439 3294 558 3357 dorrltrr,⁸
576 3298 598 3341 et
609 3292 634 3341 ir
642 3290 699 3340 dello
710 3294 734 3339 rt
741 3289 832 3353 preliis
840 3304 884 3353 pro
894 3288 1039 3348 ittofortiter
1047 3288 1170 3353 pugnavit.
1277 3349 1281 3359 Ι

680 3416 856 3438 ΜΗ,

224 3500 323 3551 ‘Aucti
334 3500 450 3563 virtum
461 3508 489 3551 et
499 3513 548 3551 xx.
557 3506 582 3551 a.
594 3506 617 3551 l.
633 3501 642 3529 ‘
654 3500 755 3550 Anctur
765 3498 933 3549 auriliir.'-8
940 3497 1013 3548 Med.
1024 3496 1096 3546 Leld.
1104 3500 1128 3547 1.
1140 3502 1164 3545 n.
1176 3494 1264 3545 Paria.
1275 3493 1317 3543 ad.

224 3566 298 3615 Rom.
310 3566 388 3616 Bruti.
400 3568 466 3617 Van.
484 3565 558 3616 Med.
573 3564 790 3616 Par.Atd..lunt.
807 3577 865 3613 aa.
896 3562 1076 3613 ornarunt.
1093 3561 1260 3611 etl'rec.1v.
1277 3562 1318 3609 00.

222 3631 231 3659 ⁸
243 3630 370 3678 Detracta
381 3643 541 3695 excussoque
553 3645 568 3679 a
579 3629 723 3678 cervicibus
729 3627 760 3691 ju
779 3626 861 3677 ο.’-0
875 3624 1196 3679 sidnacestrensem.
1216 3622 1318 3675 Sane·

223 3698 301 3742 aattsr
310 3692 396 3743 Adoni
413 3702 453 3743 art
476 3692 696 3757 ‘Andragathml
715 3698 743 3741 et
779 3689 947 3739 uerbertenst
966 3702 992 3739 v.
1005 3692 1043 3739 tt.
1060 3704 1086 3774 p.
1098 3692 1155 3739 m.
1188 3686 1318 3736 ‘Sandra-

223 3757 330 3817 coctus,¹
337 3767 417 3823 atque
429 3758 524 3809 Oresio
534 3772 567 3807 ex
577 3758 661 3808 tribur
672 3756 737 3806 uo.
746 3755 815 3805 Flos.
831 3756 839 3784 ⁸
851 3752 1044 3803 Audrocottus!
1071 3750 1228 3818 Ανδρόωποε
1238 3751 1317 3799 etiarn

224 3819 322 3871 dicitnr
332 3822 453 3872 Straboni
462 3836 494 3873 11.
507 3838 532 3887 p.
543 3827 583 3873 to.
600 3822 643 3871 ubi
656 3820 708 3870 rld.
718 3818 829 3869 cmub.
839 3824 867 3867 at
877 3816 1049 3881 sarpam„
1059 3831 1103 3866 xv.
1121 3820 1212 3880 pm.
1224 3818 1317 3865 erton.

224 3890 291 3935 -10
299 3885 374 3937 Jenr.
384 3894 521 3937 mactaret
530 3887 642 3938 0rtwiu.
655 3884 778 3935 maluisse
794 3881 1173 3935 aaatrmrmeautaea:
1189 3876 1318 3945 quomodo

717 4026 824 4081 NO'OE

255 4147 270 4174 ¹
286 4141 363 4191 Facto
372 4138 491 4204 minu]
517 4140 622 4189 vicinat
633 4139 698 4189 Indo
709 4152 749 4189 re·
822 4145 833 4181 ¹
850 4138 970 4189 Adsuetis
980 4136 1070 4200 igitur]
1085 4138 1194 4188 saleuco
1204 4145 1233 4189 et
1244 4134 1315 4205 laysi-
1440 4130 1442 4135 ’

225 4216 314 4281 mer
329 4216 368 4265 illi
387 4214 515 4279 permisit,
532 4216 648 4279 acceptis
666 4214 699 4264 ab
719 4228 751 4266 eo
790 4214 971 4265 machomet
992 4218 1081 4265 74000.
1099 4214 1226 4278 peditum,
1245 4214 1316 4279 equi-

225 4292 445 4357 tituelephantir.
463 4290 506 4341 lta
518 4288 606 4340 strab.
792 4298 846 4341 tunt
866 4294 962 4355 10000,
986 4290 1116 4355 elephanti
1139 4293 1205 4357 400,
1228 4305 1318 4343 currus
