3084 4900
250 348 316 417 8⁰8
582 391 587 396 ·
722 363 871 414 susurru

250 511 351 589 bant;
383 523 500 591 pacem
525 505 674 570 Deorum
696 505 857 586 sangnine
882 523 996 570 eorum
1019 513 1253 592 exposcentes,
1280 529 1342 595 pro

252 628 390 693 quorum
404 609 475 674 vita
488 608 549 672 Dii
561 607 669 688 rogari
682 605 828 671 maxime
841 607 961 672 solent.

294 710 383 775 Car.
397 727 463 772 vn.
507 710 537 772 1.
561 709 681 790 Itaque
700 708 842 771 aversis¹
870 713 962 772 tanto
978 710 1127 774 scelere²
1142 712 1343 789 numinibus,

251 830 325 876 cum
338 811 375 874 in
388 810 508 874 Sicilia
520 809 577 872 diu
589 807 743 872 feliciter³
766 807 994 887 dimicassent,
1010 809 1168 874 translato
1184 809 1217 872 in
1232 810 1346 875 Sardi·

250 913 340 976 uiam
360 913 459 988 bello,
489 909 613 974 amissa
637 908 762 992 majore
790 908 955 972 exercitus
983 914 1085 991 parte,
1108 912 1202 991 gravi
1225 912 1344 994 praelio

251 1013 335 1078 victi
349 1016 445 1076 aaut:
478 1010 512 1074 2.
531 1007 771 1092 propterquod
786 1008 903 1072 ducem
926 1028 1022 1073 snum
1037 1008 1233 1090 Malchum,¹
1246 1012 1344 1094 cujus

252 1113 415 1197 auspiciis
439 1116 475 1176 et
499 1110 628 1175 Siciliae
650 1114 779 1192 partem
801 1110 1005 1188 domuerant,
1018 1118 1051 1176 et
1065 1111 1227 1176 adversus
1242 1112 1344 1178 Afros

250 1235 387 1298 magnas
401 1234 453 1280 res
465 1218 644 1298 gesserant,
658 1231 734 1276 cum
757 1217 852 1300 parte
879 1214 1060 1291 exercitus,
1076 1233 1152 1297 qum
1174 1216 1346 1299 superfue-

251 1324 317 1394 rat,
331 1316 466 1381 exulare
476 1316 656 1398 jusserunt.
699 1314 733 1377 8.
757 1310 867 1391 Quam
883 1333 951 1378 rem
964 1334 1052 1398 aegre
1069 1315 1207 1380 ferentes
1224 1317 1344 1382 milites

251 1420 378 1501 legatos
393 1417 625 1500 Carthaginem
638 1415 782 1491 mittunt,
797 1416 856 1498 qui
876 1415 1012 1479 reditum
1028 1417 1134 1498 primo
1149 1419 1345 1501 veniamque

251 1519 396 1584 infelicis
420 1517 550 1582 militiae
573 1520 690 1599 petant
698 1526 724 1594 3·
745 1521 817 1578 tum
839 1515 1040 1593 denuntient,
1056 1520 1067 1550 ‘
1081 1518 1172 1600 qaod
1190 1519 1345 1602 precibus

252 1625 427 1702 nequeant,
457 1618 559 1683 armis
583 1635 620 1680 se
644 1615 902 1680 consecuturos!
944 1618 981 1680 4:
999 1616 1085 1681 Cum
1110 1623 1145 1682 et
1172 1639 1286 1702 preces
1310 1627 1346 1684 et

252 1722 350 1785 minae
364 1721 545 1801 legatomm
567 1723 687 1801 spretae
708 1723 832 1794 essent,
846 1717 1030 1801 interjectis
1045 1719 1173 1797 diebus
1191 1739 1347 1784 conscea-

255 1824 303 1886 sis
324 1822 479 1897 navibus,
501 1820 617 1884 armati
631 1818 675 1882 ad
688 1818 804 1880 urbem
819 1819 976 1898 veninnt;
1014 1821 1046 1884 5.
1068 1820 1117 1883 ibi
1133 1819 1229 1883 Deos
1243 1821 1347 1885 homi·

253 1940 379 2004 nesque
399 1922 524 1997 testati,
549 1924 639 1983 ‘non
655 1937 692 1982 se
713 1924 953 2001 expugnatum,
970 1920 1029 1984 sed
1044 1920 1270 2004 reciperatum,
1284 1941 1346 2004 pa-

255 2023 352 2086 triam
375 2023 526 2101 venire?
556 2028 813 2103 ostensurosque
835 2020 966 2084 civibus
994 2023 1076 2100 suis,
1100 2038 1167 2084 non
1191 2022 1346 2088 virtutem

255 2125 320 2189 sibi
346 2125 455 2207 priore
483 2123 584 2201 bello,
613 2121 673 2186 sed
694 2120 873 2198 fortunam,
900 2121 1047 2186 defuisse
1056 2121 1077 2201 ;'
1118 2122 1150 2186 6.
1174 2123 1347 2206 prohibitis

255 2227 505 2301 commeatibus,
519 2224 724 2306 obsessaque
740 2224 833 2299 urbe,
847 2223 882 2286 iu
896 2241 1060 2286 summam
1078 2222 1345 2306 desperationem

256 2322 541 2408 Carthaginienses
556 2323 774 2388 adduxeruut
816 2325 848 2388 7.
871 2321 1001 2387 Interea
1015 2321 1179 2402 cartam*
1199 2324 1346 2390 Melchi⁵

256 2426 366 2490 exulis
385 2425 482 2491 ducis
500 2423 600 2502 filius,
617 2444 692 2490 cum
708 2429 830 2508 praeter
855 2430 965 2491 castra
991 2425 1095 2507 patris
1117 2445 1140 2491 a
1159 2425 1263 2510 Tyro,
1278 2446 1345 2511 quo

257 2525 406 2591 decimas
421 2525 607 2590 Herculi⁶·
631 2526 714 2591 serre
728 2545 774 2590 ex
796 2525 913 2609 praeda
934 2525 1111 2603 Siciliensi,
1127 2548 1228 2611 quam
1251 2534 1347 2613 pater

288 2715 302 2739 ¹
314 2706 364 2761 Qut
371 2706 598 2769 mulsaeattatear
608 2707 729 2769 sedandi,
738 2712 762 2756 st
774 2707 865 2757 mium
871 2722 914 2771 pro
922 2707 980 2757 betto
986 2706 1112 2768 tasslieitm
1119 2712 1196 2769 gesto.

288 2779 306 2803 ¹·
318 2770 409 2819 l'eatsti
417 2785 442 2819 se
451 2786 497 2819 soa
505 2771 587 2821 cestre
594 2778 621 2820 at
629 2777 762 2834 oppugnent
771 2774 886 2835 patriast,
896 2773 937 2821 sed
945 2778 971 2821 at
981 2772 1007 2820 ia
1014 2786 1042 2821 ra
1050 2771 1204 2835 recipiantur.

711 2896 891 2918 mm

291 2984 304 3029 l
322 2978 399 3029 Oros.
412 2983 484 3029 rme.
501 2975 610 3041 ‘itaqua
627 2977 850 3041 Carthaginienses
867 2978 981 3028 adversis
1003 2977 1062 3026 Diis
1079 2982 1187 3040 propter
1206 2977 1349 3028 istiusmodi

258 3042 350 3119 sacr&
360 3046 411 3091 dre.
437 3039 510 3091 Med.
520 3046 544 3090 2.
554 3041 596 3090 ed.
613 3041 703 3091 Calon.
720 3043 746 3090 iu
758 3056 839 3117 mprg.
850 3042 956 3106 aliaque
973 3056 1036 3106 quas
1048 3040 1176 3091 consuluit
1195 3042 1275 3105 Boug.
1285 3057 1352 3091 seer·

257 3104 968 3233 sstittlttttitttssitsititutum
995 3104 1351 3233 'zttttis‘f'nttit

277 3246 334 3281 nea
350 3235 449 3295 pretio,
465 3242 521 3281 arte
540 3232 673 3282 tractabat
691 3232 739 3281 albi
757 3233 890 3282 subditos!
923 3234 989 3285 Qua
1003 3234 1162 3283 constructio
1172 3233 1291 3282 usitatior
1300 3239 1350 3283 est.

258 3248 355 3344 hatita
366 3295 504 3345 etiamtunc
516 3295 670 3358 adjectivum
678 3296 927 3358 junxitQuintllian.
937 3309 984 3345 ιιι.
1013 3296 1080 3347 lust.
1091 3295 1167 3346 Orat.
1178 3300 1202 3345 l.
1214 3300 1221 3325 ⁸
1235 3297 1276 3345 Ne
1287 3297 1351 3347 illud

257 3358 1228 3482 tumbis'‘tbtttutt‘stt*tt·stt‘t··t*¹⁶tt·t⁰⁶¹·
1241 3360 1350 3475 “lli

277 3456 284 3471 a
377 3448 416 3471 ι’*
472 3436 529 3472 et·
593 3436 688 3472 aun·
766 3437 791 3472 c·
838 3456 845 3472 a
891 3458 897 3471 a
947 3437 1062 3473 emes
1113 3438 1321 3473 loona.-

258 3489 307 3533 -t
325 3483 396 3534 bled.
406 3489 430 3534 θ.
448 3485 583 3546 Cethego.-
594 3491 623 3533 et
631 3484 708 3547 paulo
723 3493 784 3547 post
797 3486 917 3546 canino,
928 3486 1083 3549 astipulante
1095 3486 1188 3537 Orosio
1200 3439 1238 3539 ul.
1249 3492 1274 3537 d.
1303 3488 1351 3537 Zo-

258 3562 334 3597 naraa
347 3561 407 3598 ιιιι.
429 3554 469 3599 lt.
486 3548 531 3597 ital
547 3549 561 3596 t
580 3546 706 3611 amomo
722 3547 842 3611 κατέσχον
852 3548 1035 3610 musaea—t
1053 3550 1106 3599 Pro
1116 3550 1193 3600 Mutet
1203 3558 1230 3600 et
1247 3550 1352 3600 Molesta

259 3614 334 3664 Voss.
349 3612 446 3675 cptlme
456 3612 569 3662 restituit
580 3612 670 3661 mulcti
681 3620 709 3661 et
720 3613 850 3663 Maletum.
869 3613 948 3664 Becb.
968 3613 1081 3675 Mathai,
1091 3621 1119 3664 et
1130 3616 1207 3679 paulo
1219 3622 1280 3665 ante
1294 3616 1351 3665 Ma·

262 3677 359 3726 clean.
375 3674 437 3726 Atd.
447 3676 521 3727 Junt.
534 3676 623 3724 Mani
632 3682 659 3725 et
669 3676 795 3726 Mamm.
819 3678 894 3727 Rom.
904 3678 1020 3729 Mautet
1030 3678 1156 3727 Maum:
1172 3678 1300 3743 quomodo
1311 3693 1353 3743 ap.

262 3741 336 3790 Oros.
347 3745 374 3789 et
385 3740 459 3788 Frec.
477 3752 520 3788 ur.
540 3742 580 3788 ts.
596 3740 646 3787 boc
661 3753 754 3790 nomen
768 3740 951 3790 scribitur.-d
967 3740 1090 3799 Medicei,
1108 3741 1179 3791 held
1193 3745 1217 3790 l.
1235 3757 1293 3792 cnm
1306 3758 1351 3793 aex

261 3804 318 3853 aliis
330 3811 357 3854 et
367 3804 408 3854 ed.
420 3802 495 3854 Rom.
522 3803 632 3866 fleuit,
641 3804 767 3867 quomodo
778 3802 881 3867 legend.
901 3805 1051 3867 conjecerat
1069 3804 1163 3856 Faber.
1174 3806 1247 3855 bein.
1259 3810 1282 3855 1.
1292 3810 1315 3856 t.
1325 3810 1350 3855 t.

753 3964 860 4017 NOl'AE

293 4084 305 4115 ⁸
321 4076 453 4140 Meshan]
477 4078 597 4128 Massam
613 4084 693 4129 vocat
709 4078 787 4129 Oros.
829 4082 955 4130 reatuum
965 4079 1092 4129 rationem
1103 4077 1236 4139 raderent,
1247 4077 1354 4129 Herculi

295 4157 307 4181 ⁸
318 4150 428 4201 neem
433 4153 545 4215 Haemi]
557 4154 713 4203 Meriaeulm
722 4161 789 4217 erat,
829 4154 937 4203 colonia
946 4160 1056 4218 patrono
1061 4154 1160 4216 Tyrum
1171 4152 1354 4215 tnnsmlttsra,

264 4221 790 4292 decimamomuiumpartemquetnprc-
829 4236 981 4281 attestatus
992 4228 1071 4280 Diod.
1339 4242 1342 4248 ·
