3084 4900
609 336 679 386 urs.
702 336 736 385 v.
759 337 841 387 cnr.
862 321 894 387 8.
1235 324 1300 391 131

209 476 425 543 tradiderunt.
465 478 496 543 7.
519 476 665 561 Insignis
687 478 743 544 hic
766 498 874 545 annus
887 484 922 544 et
938 480 1180 565 expugnatione
1195 479 1298 545 Athe·

208 598 332 657 nurum,
346 588 382 645 et
394 583 500 644 morte
515 580 610 645 Darii
624 582 710 664 regis
726 582 913 660 Persarum,
937 588 970 647 et
983 583 1101 647 exilio⁸
1121 582 1299 667 Dionysii·

210 679 335 746 Siciliae
357 680 486 765 tyranni
510 680 585 747 fuit
628 681 661 745 8.
685 680 820 749 Mutato
841 688 933 749 statu
957 681 1172 762 Athenarum,
1193 686 1297 749 etium

208 779 328 845 civium
347 780 495 847 conditio
518 789 674 849 mutatur.
717 782 750 847 9.
771 784 925 866 Triginta
938 790 1083 849 rectores
1102 786 1296 867 reipublicae

209 882 467 963 oonstituuutnr;
497 884 557 968 qui
582 882 663 948 flunt
688 884 837 967 tyranni:
859 885 912 947 lt).
935 885 1063 968 quippe
1085 904 1107 947 a
1130 886 1296 968 principio

209 982 269 1047 tria
282 983 389 1049 millia
402 984 467 1049 sibi
482 985 660 1051 satellitum
675 992 834 1063 statuunt,
847 993 1009 1070 quantum
1021 1004 1067 1049 ex
1081 991 1131 1050 tot
1144 985 1296 1051 cladibus

207 1101 314 1167 prope
327 1103 386 1149 nec
398 1084 520 1149 civium
535 1085 757 1170 superlucrat3
780 1087 833 1151 ll.
847 1092 892 1165 et,
916 1087 1014 1171 quusi
1037 1105 1162 1170 porrus
1178 1086 1237 1153 bic
1251 1086 1296 1153 od

207 1183 436 1251 continendam
450 1186 624 1253 civitatem
636 1187 804 1253 exercituo
817 1194 916 1267 esset,
931 1189 1158 1273 septingentos
1172 1188 1295 1253 milites

206 1302 229 1349 s
244 1284 423 1351 victoribus
438 1288 618 1374 accipiunt.
661 1289 714 1354 lu.
739 1288 862 1354 Clades
883 1288 1004 1355 deindo
1024 1287 1146 1355 civium
1170 1290 1214 1353 ab
1234 1287 1295 1354 Al·

205 1384 337 1449 cibiade
351 1388 562 1471 auspicantur
572 1386 596 1469 ;¹¹
617 1408 659 1454 ne
681 1390 803 1455 iterum
826 1389 1067 1473 rempublicam
1082 1392 1145 1454 sub
1159 1392 1294 1456 obtentu

204 1486 420 1551 liberationis³
442 1488 619 1555 invaderet.
647 1487 841 1569 Ι11111111
863 1508 940 1554 oum
964 1488 1149 1573 proiectum
1162 1490 1204 1553 ad
1230 1489 1295 1555 Ar·

203 1591 374 1663 iuerxcu,
403 1587 579 1653 Persarum
605 1608 726 1672 regem,
756 1590 1008 1673 comperissent,
1043 1591 1150 1655 citato
1177 1590 1293 1654 itinero

202 1686 369 1764 miserunt,
394 1688 541 1771 quicum
560 1689 812 1773 interciperent:
834 1689 925 1755 lia
947 1691 1071 1775 quibus
1096 1694 1291 1772 occupatus,

202 1804 276 1851 cum
299 1788 412 1853 occidi
432 1796 547 1872 aperto
572 1808 637 1855 non
663 1798 792 1875 posset,
813 1792 912 1857 virus
932 1792 968 1857 in
986 1791 1154 1871 cubiculo,
1176 1791 1292 1875 inquo

203 1886 396 1968 dormiebat,
411 1894 577 1957 crematus
591 1888 663 1958 est.i
691 1951 693 1965 1

660 2040 835 2063 mm

201 2117 266 2231 per!
288 2118 332 2169 lte
343 2120 394 2194 bis.
402 2120 483 2197 Laud.
494 2135 542 2186 pro
553 2122 622 2199 vulg:
634 2121 723 2173 lesem
730 2122 850 2199 Eeb-t
863 2121 966 2199 Coruin.
976 2121 1004 2170 iu
1014 2118 1191 2197 Fmtirdttic.
1202 2123 1292 2197 1111.

201 2184 1134 2313 1111113ἔ1111121111911111111ὄῖ11Ἢὲιὶᾔῖ
1144 2184 1293 2299 iiiiii

202 2311 270 2360 Dein
288 2326 361 2361 suem
380 2312 413 2363 de
429 2314 482 2363 b.l.
501 2314 656 2363 sententium
667 2314 751 2378 sperit
762 2314 810 2362 Vir
821 2315 856 2364 cl.
888 2313 960 2362 ‘Sed
977 2312 1046 2361 baud
1065 2311 1143 2361 dubie
1162 2318 1219 2361 totu
1234 2312 1290 2361 beo

201 2375 321 2438 periodus
332 2384 374 2428 eet
384 2378 481 2440 spuria,
491 2378 586 2428 inserta
605 2392 638 2426 ex
652 2378 768 2441 margine
784 2378 811 2426 tu
825 2384 984 2428 contextum.
1017 2375 1120 2426 Etenim
1131 2376 1206 2424 Darii
1216 2376 1291 2439 hujus

200 2447 308 2490 mortem
320 2440 471 2505 aggreditur
482 2438 583 2491 Auctor
593 2457 652 2506 esp.
665 2446 703 2492 ll.
720 2444 728 2471 ‘
740 2439 839 2492 Eodem
849 2440 905 2498 fere
916 2446 1034 2504 tempore
1049 2437 1144 2489 Derim
1162 2453 1208 2488 rex
1226 2439 1290 2489 Per·

199 2518 283 2554 arrum
294 2505 420 2555 moritur.'
453 2505 528 2557 Quod
539 2519 590 2555 non
600 2506 761 2568 etteruirmt,
771 2508 794 2556 ei
804 2506 832 2554 ld
843 2506 884 2555 trie
896 2505 953 2570 jem
961 2511 1031 2554 erret
1041 2503 1148 2567 tmtum,
1158 2504 1198 2552 rel
1210 2503 1290 2554 debu·

199 2567 260 2617 isset
270 2570 362 2620 saltem
372 2569 410 2618 ibi
421 2569 490 2632 eddi,
505 2571 513 2597 ‘
525 2575 553 2619 ut
565 2583 643 2634 supra
652 2569 755 2632 monni,’
767 2569 809 2620 rel
819 2569 900 2619 simile
912 2568 984 2634 quid,
993 2569 1033 2617 uti
1043 2569 1093 2617 iste
1107 2576 1146 2617 eet
1157 2567 1290 2618 historico·

199 2645 255 2681 rum
274 2633 347 2688 mou¹
379 2632 422 2683 lta
437 2647 498 2682 true
515 2641 634 2697 respectu
650 2633 783 2684 relationis
797 2635 831 2682 ad
848 2631 978 2698 precedd.
992 2633 1031 2681 uti
1048 2632 1115 2680 tolet
1133 2631 1233 2682 Auctor
1249 2632 1289 2681 lule

198 2693 323 2760 formulis,
333 2699 341 2728 ‘
350 2701 392 2746 ut’
403 2697 443 2746 rel
455 2698 462 2724 ‘
473 2698 541 2748 sicut
551 2711 629 2762 rupte
640 2697 739 2748 dictum
752 2695 811 2760 eet,'
827 2711 859 2746 ιι.
873 2703 898 2746 tl.
913 2701 938 2746 9.
955 2708 1075 2746 mrsu.
1085 2699 1110 2744 9.
1122 2700 1146 2745 1.
1163 2699 1289 2746 11118.

198 2759 290 2811 ‘sicuti
302 2774 381 2826 supra
392 2759 561 2824 significatum
572 2759 630 2818 ert,’
646 2775 677 2810 ιι.
695 2766 719 2812 e.
734 2765 758 2811 t.
781 2762 876 2824 ‘eujus
889 2761 988 2809 mentio
1002 2773 1080 2822 supra
1089 2759 1177 2808 habits
1188 2758 1245 2822 eet,⁸
1260 2772 1289 2808 x.

198 2826 223 2872 2.
234 2828 259 2873 1.
283 2823 360 2876 Quod
372 2832 458 2874 eutem
470 2825 503 2874 sd
514 2825 578 2875 banc
588 2824 701 2890 περιοχὴ
715 2831 828 2890 spectet,
843 2838 900 2874 erm
914 2824 1051 2888 geuuimm
1060 2837 1117 2872 esee
1131 2821 1290 2888 persuadent

198 2885 274 2938 Ores.
284 2899 316 2937 ιι.
326 2891 365 2938 rt.
382 2895 410 2937 et
421 2887 478 2952 ipse
489 2888 597 2952 Auctor,
607 2890 650 2954 qul
667 2889 725 2938 eod.
743 2888 820 2939 modo
835 2887 949 2952 loquitur
965 2899 1056 2936 nm.
1071 2892 1095 2936 t.
1107 2891 1132 2936 9.
1155 2886 1288 2949 ‘inriguis

197 2949 237 3001 bic
249 2965 330 3002 mour
342 2951 420 3002 trium
435 2958 491 3002 toto
508 2955 570 3002 orbe
586 2953 751 3003 mulleorum
770 2954 955 3036 imperatarum
972 2951 1096 3002 mortibus
1111 2949 1171 3010 fuit,
1190 2949 1290 2998 llanui·

198 3013 271 3078 belis,
281 3016 489 3080 Philopoemenis,
498 3025 526 3067 et
537 3017 665 3080 lcipionle
678 3015 803 3067 Africani.
844 3016 896 3065 Ubi
905 3015 1028 3079 ejusmodi
1039 3013 1174 3063 t'ortnulsm
1186 3026 1288 3076 quoque

198 3079 304 3142 omittit,
314 3079 430 3144 quemvis
441 3079 660 3145 Philopoemenem
672 3094 771 3131 veneno
781 3087 866 3130 sumto
881 3079 1011 3140 expirasse
1028 3078 1107 3127 etiem
1125 3082 1204 3126 antee
1217 3083 1288 3126 retu·

197 3141 265 3220 ierit!
282 3157 373 3207 nempe
384 3143 467 3207 ejusd.
480 3144 523 3196 lib.
535 3159 593 3209 cup.
606 3149 630 3194 1.
641 3148 713 3194 9-1
730 3143 883 3205 Liber-unm
899 3141 966 3207 quod
984 3143 1011 3190 in
1028 3141 1079 3193 bit.
1091 3139 1189 3204 reperit
1200 3140 1257 3189 Bou
1278 3175 1286 3190 .

198 3215 288 3258 merito
300 3208 333 3258 im
354 3207 429 3284 rubet
439 3209 569 3284 Vorrt3rd
582 3223 601 3258 ι.
612 3212 636 3258 e.
649 3213 671 3258 1.
689 3205 739 3258 lut'.
751 3219 862 3257 xxxrrr.
873 3210 897 3256 1.
909 3211 933 3256 1.
949 3206 961 3280 1.
969 3205 1127 3254 Ptolomeus
1139 3204 1188 3253 rob
1199 3217 1286 3280 spece

198 3272 300 3383 :prorius
317 3223 423 3384 urbem:
440 3269 514 3346 Astra·
517 3269 661 3387 ι11111113
678 3271 751 3322 Curt.
763 3285 791 3322 x.
802 3275 827 3322 8.
849 3269 936 3321 ‘Cum
954 3277 1005 3320 rete
1024 3269 1072 3320 rub
1090 3269 1180 3321 tutele
1197 3281 1286 3333 specte

225 3349 301 3398 [uum
312 3349 410 3401 occupa
424 3349 484 3386 uror
493 3349 515 3386 rt
652 3359 656 3366 -

684 3477 790 3534 NOTAE

227 3601 472 3669 ‘Erilis'ltiorpffl
495 3601 547 3654 ilic
564 3603 660 3667 duplex
679 3618 717 3654 er-
758 3603 878 3668 peesime,
896 3608 924 3652 et
943 3601 1068 3653 timebunt
1078 3601 1285 3663 lacedemonii3

194 3679 351 3740 roriurtini,
384 3680 444 3730 iloc
459 3680 526 3730 enim
541 3692 609 3729 enno
620 3679 717 3742 Diony·
757 3689 836 3744 quere
844 3677 1285 3742 bymnderseeeptedelitiosmorte

196 3754 246 3805 einr
256 3755 343 3806 senior
358 3769 410 3805 non
426 3755 499 3816 obiit,
516 3753 562 3803 red
573 3747 666 3804 Sicilie
678 3761 717 3818 ty·
756 3755 881 3818 semeles
892 3752 1069 3814 Pburoebazo,
1076 3758 1105 3801 ut
1116 3750 1285 3815 occideretur,

195 3831 325 3882 nunidem
335 3831 447 3892 iuraritr
464 3844 512 3882 nec
523 3831 567 3880 ille
577 3831 603 3880 ln
613 3829 716 3880 erilium
756 3830 875 3881 obtinuit
892 3829 964 3878 Plut.

194 3908 280 3969 potrus
290 3915 341 3970 est,
356 3907 403 3959 red
414 3908 555 3972 Dionysius
565 3907 653 3972 junior
663 3907 717 3972 ejoe
790 3904 931 3954 temeto
938 3901 985 3966 eet]
999 3901 1123 3952 Strictum
1132 3904 1222 3949 teneus
1230 3900 1284 3963 gls-

195 3981 270 4034 iitiur.
758 3981 827 4032 dium
837 3979 969 4030 mediosiu
986 3979 1059 4041 ignee
1074 3991 1102 4026 re
1114 3975 1235 4040 conjecit,
1249 3989 1283 4025 ex

225 4056 424 4122 innotare]
449 4059 510 4110 Nou
525 4060 600 4124 jmso
619 4063 658 4110 19.
679 4065 718 4122 ty·
758 4055 955 4122 quiburtllusus
972 4065 1031 4102 cum
1042 4050 1175 4113 erasisset,
1192 4049 1284 4101 barbe·

194 4147 328 4184 rennerunt
341 4133 387 4184 red
406 4133 659 4186 lacedemoniorum
676 4149 717 4185 oc·
758 4145 809 4194 ror,
819 4143 870 4179 nou
881 4141 955 4178 autor
967 4124 1081 4176 onmium
1091 4121 1223 4188 congredi,
1231 4123 1285 4174 dtr.

198 4209 327 4261 obmert:
345 4209 418 4262 illum
428 4211 497 4264 enim
508 4217 536 4261 et
551 4208 616 4275 Agis
626 4211 718 4263 oderat
757 4205 869 4272 riperit3
885 4216 973 4254 eorum
989 4200 1175 4265 tumeujeculir
1185 4200 1282 4253 eminus
