3084 4900
581 384 653 431 nrn.
678 383 767 432 xrrr.
790 385 872 433 car.
896 370 929 432 1.
1095 357 1099 372 '
1238 369 1302 434 all

201 545 297 691 ⁰¹⁰ss
305 532 369 605 est,
384 544 453 590 nnn
467 525 590 590 virtute
602 525 730 605 hostili,
751 527 813 591 ned
835 527 966 592 insidiis
988 546 1124 594 snorum
1139 535 1171 594 et
1184 529 1302 596 fraudo

202 649 270 693 orm
284 649 307 692 r.

596 879 906 896 mnu—0·-

595 901 911 922 ἡ

592 1083 760 1160 LIBER
794 1085 914 1160 Xlll.

534 1291 768 1344 suavitatum
795 1291 966 1346 camuli.

245 1488 276 1551 1.
299 1485 426 1550 Luctus
446 1485 491 1549 ob
506 1483 688 1550 Alexandri
711 1483 830 1569 Magni
854 1507 1048 1552 excessum:
1073 1485 1299 1556 Macedonum

201 1591 347 1674 ingratus
384 1587 534 1652 animus:
573 1585 697 1652 ducum
726 1587 864 1652 ambitio
904 1591 1113 1675 militumque
1150 1589 1300 1658 avaritia.

200 1693 233 1757 2.
264 1689 317 1755 De
346 1687 531 1754 Alexandri
560 1709 756 1754 successore
786 1687 906 1755 ducum
934 1691 1101 1756 exercitus
1131 1691 1300 1758 sententies

201 1797 397 1878 pugnantes.
441 1790 473 1854 3.
488 1790 663 1855 Perdiccae
678 1792 851 1856 sententiae
864 1793 1047 1858 reclamant
1060 1793 1202 1876 pedites,
1217 1812 1300 1875 quo-

200 1915 272 1960 rum
288 1891 462 1958 tumultum
478 1890 576 1955 sedat
591 1887 766 1956 Perdicca.
812 1893 844 1956 4.
867 1889 1005 1960 Arideeo
1026 1913 1101 1976 rege
1121 1891 1301 1976 designato,

202 1994 368 2060 Perdicca
392 1999 429 2056 et
448 1992 504 2056 alii
527 1992 634 2057 duces
659 1993 722 2057 seu
743 1993 913 2078 principos
929 1995 1123 2077 provincias
1138 1991 1300 2060 dividunt

201 2099 232 2162 5.
248 2095 380 2162 Bellum
397 2114 456 2178 pro
470 2093 615 2160 Graeciae
630 2092 786 2159 libertate
800 2095 843 2159 ab
860 2093 1116 2160 Atheniensibus
1130 2101 1163 2159 et
1174 2091 1300 2158 AElolis

201 2204 401 2282 reparatum.
456 2195 690 2262 Demosthenis
719 2195 753 2260 in
783 2195 929 2279 patriam
957 2195 1092 2261 merita:
1130 2194 1299 2280 Antipatri

201 2298 336 2365 obsidio
357 2304 391 2362 et
404 2297 569 2362 liberatio.
612 2296 645 2361 6.
668 2297 833 2363 Perdicca
857 2295 1082 2382 Cappadoces
1107 2296 1224 2382 praelio
1250 2295 1299 2359 fa-

202 2402 296 2485 tigat.
340 2397 470 2465 Bellum
495 2399 581 2463 inter
606 2395 810 2481 Antigonum
825 2404 858 2463 et
873 2396 1078 2463 Perdiccam.
1123 2393 1300 2463 Ptolemaei

176 2504 308 2567 ‚solers
323 2500 495 2566 industria.
538 2500 572 2565 ⁷.
595 2500 650 2564 De
678 2502 803 2583 origine
833 2500 925 2565 urbis
954 2498 1103 2583 Cyrenes
1126 2498 1297 2580 digressio.

201 2603 234 2667 8.
256 2602 463 2669 Ptolemaeus
490 2599 612 2665 bellum
634 2608 732 2683 parat
754 2602 791 2665 in
812 2600 1020 2667 Perdiccam.
1064 2601 1223 2665 Eumenis
1245 2619 1299 2663 res

201 2702 329 2768 fortiter
342 2710 377 2767 et
389 2702 533 2767 feliciter
546 2707 661 2783 gestae.

185 3042 189 3046 ’
244 3010 334 3077 Gar.
349 3026 375 3071 1.
409 3008 440 3073 1.
465 3010 622 3074 Extincto
645 3014 679 3073 in
705 3010 781 3093 ipso
803 3011 912 3075 aetatis
933 3010 1298 3077 acvictoriarumllore

201 3107 397 3179 Alexandro
431 3108 588 3193 Magne·
617 3112 712 3175 triste
742 3111 834 3193 apnd
859 3130 974 3177 omnes
1001 3116 1070 3179 tota
1098 3110 1297 3196 Babylone*

202 3213 371 3280 silentium
396 3211 484 3277 snit·
525 3211 557 3275 2.
582 3210 650 3276 Sed
672 3228 735 3277 nec
760 3211 902 3277 devictae
927 3218 1043 3295 gentes
1066 3211 1162 3277 fidem
1183 3214 1296 3278 nuntio

201 3315 395 3391 habuerat,
418 3308 511 3396 qnod
526 3309 742 3379 utinvictum
765 3331 883 3395 regem,
904 3314 954 3379 ita
967 3314 1198 3391 immortalem,
1222 3331 1298 3378 esse

202 3414 426 3496 crediderant3
448 3412 481 3479 3.
500 3414 723 3492 recordantes,
744 3415 878 3497 quoties
892 3416 1053 3501 praesenti
1067 3416 1186 3481 morti¹
1201 3434 1299 3499 erep-

661 3558 843 3581 m

235 3648 248 3692 l
265 3640 339 3693 Med.
350 3641 421 3691 Laid.
433 3646 458 3692 2.
471 3647 496 3692 s.
521 3639 604 3691 Petis.
615 3638 680 3691 coll.
693 3642 727 3693 N.
743 3640 786 3691 ed.
803 3641 864 3693 Ald·
874 3640 949 3693 Jnnt.
975 3640 1117 3705 &brionia
1133 3640 1215 3691 Bealr.
1230 3639 1299 3691 Vu-

165 3718 171 3725 ·
201 3704 272 3756 Flor.
282 3705 354 3755 Med.
365 3711 483 3769 totam
494 3704 660 3769 debrrinm.
692 3706 815 3755 vincent.
830 3702 1296 3771 ‘tnroranatyronia.’-astel.srd.

203 3775 226 3819 1.
249 3769 348 3819 llrnnn.
359 3769 439 3818 Beclr.
449 3770 517 3818 Vsu.
535 3771 606 3819 Flor.
618 3766 690 3818 nied.
708 3770 768 3820 Par.
782 3769 844 3821 Ald.
859 3769 934 3822 Jnnt.
948 3770 1006 3820 Vel.
1026 3771 1111 3821 Plano.
1121 3784 1160 3820 nv.
1176 3768 1240 3833 Arg.
1254 3770 1296 3818 ts.

695 3897 805 3948 NOTAE

234 4010 249 4041 ⁸
265 4009 348 4061 AM.
361 4012 436 4059 sito.
468 4007 512 4058 01.
526 4011 620 4059 ΠΗ.
653 4008 687 4059 U.
697 4006 730 4057 (2.
770 4009 894 4072 exceptu
920 4008 1015 4058 delude
1036 4010 1120 4059 luctor
1150 4008 1297 4059 nniversam

202 4091 260 4141 ua.
293 4085 480 4137 Anteium.
771 4086 886 4150 pervasit
896 4084 995 4146 urbem,
1005 4084 1134 4135 nobilibus
1144 4084 1232 4148 pneris
1240 4085 1298 4148 ejns

234 4170 247 4197 ⁸
262 4162 390 4213 &testim
402 4160 469 4223 snit]
501 4156 646 4209 Alexandri
663 4172 731 4207 rnor-
771 4158 895 4209 custodire
922 4158 1033 4208 assuetis
1055 4158 1198 4208 furentium
1224 4167 1297 4209 more

203 4246 256 4290 tem
273 4237 414 4287 amicornm
431 4235 603 4299 comploratio
621 4233 732 4297 primunr
772 4234 907 4297 Babylone
920 4240 975 4283 tots
986 4232 1191 4295 excurrentibus.

268 4318 354 4381 Dripll.
367 4324 390 4366 et
406 4317 464 4365 l'or.
478 4316 542 4364 Ctus.
703 4313 794 4362 dualia.
1207 4314 1231 4363 o
