3084 4900
249 373 291 439 12
671 386 705 448 n.
729 384 911 434 ononovrr

249 537 360 612 dente,
382 538 481 616 atque
494 530 595 595 etiem
611 529 646 594 in
664 529 855 594 membrana
868 533 1056 612 exorator.=
1083 527 1206 594 Priora
1218 532 1253 593 et
1266 547 1346 611 pos-

250 637 371 702 teriora
383 633 588 699 foliolacero
608 636 687 697 sunt
708 635 810 715 atque
823 650 846 696 o
859 630 959 695 tineis
972 647 1090 708 exeso,
1111 629 1203 712 qnod
1218 647 1261 694 eo
1274 646 1350 693 ma-

215 769 220 778 ·
250 739 302 822 gie
317 733 507 812 dolendum,
529 733 609 816 quia
622 732 664 796 od
680 731 807 798 calcem
822 729 959 797 Codicis
982 737 1078 796 extat
1090 737 1186 796 vetos
1200 731 1347 813 Inscrip-

249 840 310 916 tio,
332 837 428 920 eujus
454 834 583 918 aliquot
606 834 713 902 literae
743 839 956 899 evanuerunt
999 831 1349 917 intepretationem

251 938 401 1005 Robrica
412 935 605 1021 hujusmodi
618 943 688 1001 eet:
712 951 850 1002 rournr
866 951 980 1001 raoer
998 949 1215 1000 rnnrnrror
1237 940 1273 998 et
1285 931 1350 998 ini·

252 1040 300 1106 tio
323 1040 400 1104 libri
415 1057 441 1105 1.
464 1054 606 1104 rnorem
623 1053 761 1104 ronrnr
778 1054 894 1102 rnoer
911 1053 1090 1102 retrone.
1133 1035 1255 1100 Inrnra
1271 1049 1351 1099 rru-

254 1156 347 1206 nvs:
370 1148 403 1206 et
416 1141 482 1206 tine
497 1139 644 1223 ejusdem
658 1140 754 1205 libri:
777 1155 916 1205 ronrnr
941 1155 1057 1204 rnoor
1084 1153 1250 1202 remorre
1272 1150 1351 1200 nro·

254 1258 455 1310 romanum
472 1257 576 1306 rrrrrr
593 1240 715 1306 Lrnnn
733 1256 757 1304 r.
783 1255 926 1306 rnerrrr
940 1239 1062 1305 hono
1079 1253 1285 1304 sacvnors.
1309 1253 1351 1300 oc

253 1343 330 1410 libri
346 1360 451 1410 xcrv.
468 1359 605 1410 ronrnr
620 1359 732 1410 rnoer
748 1342 972 1408 Innxlrrur.
988 1325 1104 1408 nich
1121 1333 1351 1406 renrcirnrr.

254 1447 317 1510 ie.
340 1443 483 1528 explicit
496 1443 650 1509 feliciter.
672 1443 797 1509 Amen.

299 1546 429 1612 Deinde
445 1546 591 1629 sequitur
603 1545 678 1610 lraec
692 1545 886 1628 inscriptio:

257 1691 266 1711 .
312 1691 320 1711 .
365 1644 405 1710 Ρ.
431 1645 473 1710 C.
498 1643 744 1728 Vespasianus.
781 1643 951 1710 Pontifex.
987 1645 1165 1720 maximoe.
1212 1643 1353 1708 triboni-

259 1901 267 1919 .
312 1897 319 1916 .
365 1897 372 1912 .
417 1849 504 1916 tatis.
538 1833 618 1932 imp.
639 1792 719 1912 ῐῖι..
734 1854 844 1932 pater.
877 1850 1012 1933 petriae.
1042 1847 1227 1914 consetuit
1252 1845 1352 1910 desn-

641 1950 748 2014 navit.
771 1948 884 2015 facien

258 2097 266 2114 .
418 2051 554 2116 curavit.
598 2048 643 2128 Q.
658 2049 780 2128 Fabio,
804 2049 850 2129 Q.
872 2049 913 2114 F.
939 2049 1015 2116 Gal.
1040 2049 1185 2115 Blando.
1206 2049 1352 2114 tribuno.

614 2166 617 2177 ¹
646 2152 732 2218 milit

260 2301 268 2318 .
315 2301 323 2318 .
369 2297 377 2314 .
419 2252 542 2334 gionis.
569 2269 641 2316 ιιιι.
664 2251 911 2318 Macedonico.
935 2259 971 2319 et
994 2253 1149 2336 legionis.
1174 2241 1212 2318 Ξ.
1234 2253 1354 2335 gemin.

644 2352 734 2418 Iulia

261 2506 268 2523 .
314 2504 322 2519 .
369 2504 377 2519 .
424 2504 432 2521 .
478 2503 487 2519 .
532 2501 540 2518 .
584 2456 639 2523 ris.
661 2474 757 2521 uxor.
788 2474 843 2519 ex.
874 2457 1027 2538 pecnmo
1055 2476 1145 2540 qum.
1168 2458 1211 2521 ei.
1233 2458 1354 2540 legato.

341 2568 343 2575 ’
647 2564 710 2624 est.
726 2558 798 2623 ad*

263 2704 591 2727 .......
645 2658 756 2723 ndum.
779 2678 999 2725 communem.
1021 2661 1098 2726 sibi.
1121 2666 1165 2725 et.
1187 2662 1270 2727 viro.
1292 2682 1355 2725 sno

303 2762 431 2827 Sextus
446 2760 481 2825 in
503 2760 586 2827 folio
612 2760 806 2827 chartaceus
827 2760 963 2845 quidem
989 2766 1027 2827 et
1052 2765 1229 2842 recentior,
1255 2767 1356 2848 atque

259 2864 323 2929 sub
338 2863 420 2929 artis
433 2862 686 2946 typographicae
702 2862 914 2927 incunabulis
929 2868 1098 2941 exaratos,
1112 2884 1226 2929 vernm
1239 2884 1283 2929 ex
1298 2884 1357 2930 re·

261 2964 446 3031 tristissimo
471 2963 597 3031 Codice
624 2965 860 3049 transcriptos,
888 2964 991 3047 Trogi
1014 2965 1171 3049 Pompeii
1199 2967 1358 3031 librorum

261 3067 426 3149 Prologos
442 3070 477 3133 et
489 3064 617 3131 Justini
640 3065 746 3131 libros
763 3080 893 3131 xnrrrr.
907 3067 1060 3133 confluet
1105 3068 1210 3133 Initio
1219 3065 1357 3133 Codicis

260 3167 330 3261 alia
342 3185 442 3233 roano
469 3167 648 3251 ascriptum
674 3173 728 3234 eet
753 3170 981 3235 testimoninm
1004 3169 1146 3234 Martini
1170 3167 1292 3235 Potoni
1315 3168 1358 3232 de

261 3267 284 3333 J
287 3268 416 3333 uetino:
432 3268 621 3353 ‘Tempore
632 3269 776 3335 ¹Antonii
791 3272 878 3354 [lege
893 3269 1062 3349 Antonine]
1083 3270 1150 3348 Pii,
1176 3271 1235 3355 qai
1253 3270 1358 3354 impe-

261 3370 346 3437 riam
361 3370 454 3454 cepit
473 3384 561 3436 cxi..
576 3369 691 3439 floruit
705 3370 889 3456 Pompeios
910 3372 1056 3454 Trogos,
1078 3371 1214 3436 notione
1228 3371 1359 3455 Hispa·

262 3490 338 3549 ons,
364 3471 423 3554 qui
451 3469 579 3548 totius,'
604 3474 664 3537 bc.
721 3472 931 3556 Subscriptio
956 3472 1186 3555 Prologorom,
1214 3474 1358 3537 rubricae

262 3570 476 3639 Praeiationis
490 3578 524 3639 et
536 3571 613 3639 libri
628 3589 653 3637 r.
667 3574 899 3658 concipiantur
917 3572 984 3639 boc
1006 3573 1127 3639 medor
1142 3573 1360 3657 ‘Expliciont

263 3672 433 3759 Rubrioee.
479 3672 641 3755 Prologus
657 3675 805 3758 Incipit,'
826 3682 860 3741 et
875 3676 1079 3761 ‘Epitboma
1092 3675 1234 3759 Pompei
1246 3675 1360 3758 Trogi.

264 3776 365 3841 Iriber
384 3776 510 3859 primus
536 3774 659 3859 incipit
667 3776 686 3837 τ’
711 3776 768 3841 Ad
797 3780 927 3867 colcem
947 3778 1023 3843 libri
1046 3794 1153 3844 xmv.
1167 3778 1241 3844 brec
1255 3778 1359 3843 variis

137 3964 140 3971 .
265 3877 438 3961 scripturae
463 3876 670 3959 compendiis
696 3895 837 3961 asperso
861 3878 1031 3962 leguntur:
1053 3878 1230 3964 ‘Explicit
1253 3877 1359 3945 felici·

264 3986 316 4043 tet
336 3978 422 4043 liber
436 3977 710 4061 quadragesimas
731 3984 881 4062 quartus,
903 3999 1001 4063 qoem
1026 3979 1127 4045 scribi
1145 3980 1212 4045 teci
1229 4000 1275 4046 ex
1298 3998 1360 4045 ex·

264 4080 403 4162 empleri
428 4087 464 4145 et
486 4078 719 4163 antiquissimo
742 4084 777 4145 et
807 4078 973 4145 fidissimo
994 4121 1102 4145 .....
1118 4081 1272 4164 originali
1295 4100 1358 4163 ego

265 4176 433 4249 Ranerine
455 4180 649 4249 Damastbia
671 4182 713 4247 de
738 4180 892 4249 Arimino
912 4182 1006 4249 loris
1031 4182 1180 4251 Doctor:
1200 4202 1256 4251 nre
1270 4184 1359 4249 exis·
