3084 4900
230 356 296 421 20⁴
710 368 861 415 susurru

232 515 304 579 viro
319 530 380 576 suo
392 512 552 595 Philippo
565 510 674 575 suerat
698 508 951 575 ‘Alexandrum
975 528 1042 573 uon
1064 528 1109 573 ex
1129 528 1171 575 co
1186 518 1250 588 se:
1266 510 1324 575 sed
1378 520 1389 533 “

233 634 279 679 err
301 619 453 697 serpente
473 613 615 696 ingentis
636 610 887 695 magnitudinis,
910 609 1125 694 concepisse!
1166 613 1200 677 4.
1224 612 1325 677 Deui-

233 734 301 801 que
317 715 493 799 Philippus
503 714 619 779 ultimo
631 732 736 796 prope
749 712 830 777 vitae
843 730 914 777 suae
926 716 1076 794 tempore
1091 710 1215 777 ‘filium
1229 732 1325 780 suum

232 835 302 881 nou
326 814 421 881 esse'
445 816 558 899 palam
579 814 834 897 predicaverat.
878 814 910 877 ὁ.
935 811 1076 890 Quaeri
1094 830 1197 877 cansa
1211 810 1327 897 Olym-

233 916 345 1002 piada,
359 916 450 982 velm
462 915 586 998 stupri³
599 920 816 997 compertam,
832 912 970 997 repudio
984 911 1162 977 dimiserat.
1204 914 1237 979 6.
1260 913 1327 996 Igi-

233 1025 287 1085 tur
300 1016 495 1084 Alexander
507 1016 645 1100 cupiens
656 1015 819 1098 originem
830 1014 1015 1081 divinitatis
1031 1014 1212 1096 acquirere,
1227 1014 1326 1079 simul

192 1112 195 1117 ’
235 1125 272 1184 et
282 1125 422 1185 manem
435 1116 569 1185 infamia
584 1118 737 1196 liberare,
758 1136 818 1201 per
840 1116 1035 1201 praemissos
1049 1115 1212 1181 subornat
1226 1116 1327 1181 antis·

234 1221 323 1297 titos,
338 1219 420 1303 quid
434 1220 501 1285 sibi
512 1218 706 1303 responderi
726 1218 818 1283 velit.
861 1220 894 1283 7.
916 1216 1155 1301 Ingredicutem
1168 1217 1327 1299 templum

235 1320 349 1385 stetim
365 1318 533 1385 antistites
556 1328 594 1387 ut
615 1320 818 1385 Hammonis
842 1318 974 1383 filium'
995 1318 1152 1383 salutant.
1195 1316 1228 1382 8.
1250 1317 1327 1397 lile,

233 1421 335 1487 letus
351 1421 421 1489 Dei
433 1421 625 1504 adoptione,
639 1421 704 1487 hoc
718 1440 757 1485 se
769 1426 864 1503 patre
878 1418 1005 1485 conseri
1015 1418 1120 1501 jubet
1163 1418 1196 1483 9.
1218 1416 1329 1499 Rogat

235 1522 369 1599 deinde,
384 1527 394 1557 ‘
410 1542 454 1589 an
472 1542 588 1588 omnes
601 1521 825 1587 interfectores
840 1520 988 1605 parentis
1004 1520 1056 1584 sui
1071 1519 1114 1585 sit
1127 1518 1219 1583 ultus
1229 1518 1255 1583 l’
1277 1532 1329 1583 re·-

233 1624 429 1707 spondetur,
446 1629 457 1659 ‘
465 1629 593 1707 patrem
604 1622 678 1706 ejus
690 1642 752 1687 nec
762 1642 865 1706 posse
881 1620 1034 1697 interfici,
1049 1639 1111 1685 uec
1126 1620 1226 1683 mori:
1241 1620 1329 1699 regis

235 1724 386 1808 Philippi
399 1730 568 1809 peractam
585 1723 682 1806 plene
692 1723 852 1789 ultionem
866 1719 981 1787 osse’·
1024 1720 1076 1785 10.
1102 1720 1217 1787 Tertia
1230 1720 1330 1785 inter·

235 1826 426 1905 rogatioue⁴
438 1826 593 1907 poscenti
606 1825 803 1889 ‘victoriam
813 1823 960 1889 omnium
973 1821 1134 1886 bellorum
1144 1820 1331 1905 possessio·

235 1943 376 2007 nemque
390 1922 572 2002 terrarum:
586 1927 597 1958 ‘
610 1922 698 1989 dari'
713 1923 956 2007 respondetur.5
976 1922 1032 1986 ll.
1047 1919 1234 1987 Comitibns
1246 1940 1330 2007 quo·

237 2043 302 2108 qne
324 2024 416 2090 suls⁶
438 2044 646 2109 responsum,
669 2029 737 2091 ‘ut
752 2024 980 2091 Alexandmm
1000 2041 1062 2108 pro
1085 2022 1171 2101 Deo,
1188 2040 1256 2086 non
1268 2041 1329 2107 pro

237 2146 323 2209 rege,
338 2125 500 2191 colerent!
542 2128 596 2191 12.
619 2126 711 2191 Hinc
736 2126 787 2190 illi
811 2130 912 2191 aucta
935 2124 1120 2201 insolentia,
1144 2123 1330 2205 mirusque⁷

237 2228 349 2293 animo
362 2227 502 2293 increvit
515 2232 634 2306 tumor,
649 2232 784 2298 exemia
797 2228 961 2304 comitate,
971 2244 1072 2311 quam
1086 2231 1123 2290 et
1135 2224 1331 2289 Graecorum

236 2328 359 2393 literls¹
379 2334 415 2391 et
438 2326 665 2393 Macedonum
684 2326 847 2392 institutis
867 2326 1040 2391 didicerat
1082 2326 1137 2390 13.
1159 2324 1330 2390 Reversus

237 2429 281 2493 ab
296 2427 487 2496 Hammone
507 2425 766 2496 Alexandriam!
792 2426 950 2507 condidit,
969 2435 1006 2494 et
1026 2426 1193 2518 coloniam
1216 2424 1331 2492 Mace-

237 2527 378 2596 donum⁸
392 2535 497 2612 caput
507 2547 583 2592 csse
598 2528 738 2614 AEgypti
747 2527 854 2614 jobet.

281 2623 370 2690 Cer.
387 2644 457 2692 xrr.
500 2630 530 2692 1.
554 2628 691 2707 Darius,
705 2648 781 2693 cum
796 2629 1031 2713 Babyloniam¹
1048 2629 1258 2714 profugisset,
1272 2647 1330 2711 per

238 2725 400 2808 epistolas
427 2725 652 2792 Alexandrum
682 2728 905 2813 deprecatur,²
941 2729 1230 2796 ‘redimendarum
1266 2725 1331 2792 sibi

270 2881 284 2906 ¹·
303 2867 1031 2941 othmmmmemmregiurfflmumm

695 3000 871 3022 mm

239 3089 288 3135 -2
304 3085 337 3135 Sc
347 3084 423 3135 abeat
432 3084 466 3135 ab
477 3085 538 3136 Atd.
547 3085 670 3137 iiiut-³
687 3086 768 3149 Magl.
780 3099 810 3134 ex
820 3089 910 3149 mm.
926 3086 1001 3136 Rom.
1012 3085 1039 3136 ia
1049 3089 1146 3148 stupro.-
1161 3091 1190 3136 nt
1202 3100 1245 3150 ep.
1256 3086 1329 3136 Suet.

238 3150 294 3199 Tib.
305 3153 345 3198 ⁸5.
360 3152 368 3177 ⁸
381 3149 420 3199 Ut
435 3164 540 3200 uxorem
554 3150 580 3226 iu
599 3157 690 3213 stupro
706 3149 795 3213 generi
807 3157 966 3212 compertum
983 3148 1145 3226 dimitteret)
1171 3151 1236 3226 Mis:
1247 3151 1330 3212 Boug.

238 3211 765 3339 titzrrtiztltttttttctut
781 3221 958 3338 {tigilli}
970 3213 1332 3328 tttlttntllllln:

240 3345 316 3387 turno
327 3336 449 3386 bellorum
460 3339 548 3388 labore
559 3347 707 3402 compertus
716 3338 732 3386 ι’
749 3345 777 3387 et
789 3351 868 3388 xxrr.
880 3343 905 3388 7.
916 3340 973 3389 lnlt.
989 3341 997 3368 ⁴
1012 3341 1137 3403 legium
1148 3353 1227 3404 opere
1237 3341 1331 3390 Manli

240 3416 276 3451 ra
332 3408 404 3450 reete
422 3402 627 3466 conpertu.’-4
643 3404 688 3452 Sic
706 3401 780 3452 Med.
801 3403 867 3452 Call.
883 3403 917 3453 N.
935 3402 1012 3452 lindi.
1031 3403 1105 3454 leid.
1124 3409 1150 3453 t.
1167 3403 1210 3452 ed.
1225 3405 1333 3452 llum.—

239 3472 256 3516 5
297 3464 353 3514 ech.
363 3467 560 3528 rependum-t
576 3467 640 3516 Coit
653 3468 688 3516 N.
699 3467 741 3516 ed.
752 3466 827 3515 Rom.
843 3467 902 3526 du,
911 3465 1039 3530 quomodo
1055 3468 1134 3520 etiarn
1144 3481 1178 3518 ex
1189 3467 1256 3529 conj.
1268 3466 1332 3528 legit

241 3527 471 3590 Armin’llmtrn.
480 3543 524 3579 ur.
532 3529 566 3579 de
578 3530 732 3580 &uterinis
742 3529 831 3580 Ururir
842 3531 866 3591 t.
877 3534 965 3586 tt-‚t
977 3529 1099 3580 Meded.
1109 3532 1182 3580 llum.
1192 3530 1332 3592 sinimur.

241 3597 290 3641 -tl
308 3591 378 3642 Leid.
389 3597 413 3642 t.
425 3597 450 3642 t.
461 3594 632 3656 Macedoniam,
641 3593 709 3661 quod
723 3593 827 3658 vulgato
845 3591 988 3657 proferunt
997 3595 1075 3644 lietu.
1086 3603 1113 3646 et
1123 3594 1205 3646 Wua
1223 3595 1255 3644 ad
1268 3593 1332 3643 srll.

241 3655 342 3720 Fragor.
354 3655 425 3706 illst.
436 3669 472 3707 iv·
484 3661 525 3706 10.
535 3657 562 3705 lu
574 3656 643 3706 Add.

734 3784 840 3836 ΝΟΜ

275 3905 290 3928 “
310 3897 343 3945 Ut
356 3897 589 3964 Humanitas]
614 3899 767 3952 Eudemia·
839 3900 1050 3962 'Alandriaml
1076 3898 1332 3962 Urusertoperaiu·

243 3969 307 4020 beut
317 3970 418 4022 Arriae.
431 3981 459 4022 et
471 3973 546 4022 Paul.
557 3974 633 4024 Oros.
806 3975 885 4040 siguis
896 3976 1041 4038 architecti,
1051 3990 1126 4040 quem
1137 3975 1216 4026 Sallu.
1225 3984 1252 4026 et
1263 3974 1335 4026 Arri·

274 4051 287 4078 ¹
306 4045 443 4096 erman
463 4047 551 4110 merto]
583 4050 680 4101 Fuerat
700 4047 767 4101 eninr
807 4063 848 4098 au.
867 4047 1031 4114 Diuocarern,
1046 4049 1140 4100 Strabo
1159 4051 1333 4102 Clrirocratem

244 4117 394 4241 ¹Aristotelis
418 4137 466 4186 per
488 4123 627 4174 triennium
658 4124 768 4188 discipa-
809 4130 892 4173 vocnt.

255 4208 293 4244 aa.
