3084 4900
220 395 242 459 2
670 404 860 454 nrrsrons.

221 554 369 622 bostium
390 549 645 628 multitudinem,
669 569 745 633 quas
768 550 901 632 exiguo,
921 547 980 612 sed
1003 547 1141 611 robusto
1165 546 1316 612 exercitu

221 657 311 722 vinci
332 674 399 719 non
420 653 549 738 possit3
571 658 605 717 et
627 651 819 715 vulneribus
841 649 968 732 saepins
992 649 1151 731 acceptis,
1172 647 1315 713 bacicae

221 756 407 824 tortitudini
431 755 512 820 nihil
537 774 611 820 esse
638 743 835 819 teineritatis
865 749 1127 815 admiscendum.
1169 747 1316 814 Docebit

222 860 323 926 etiam
337 857 456 942 Pyrrhi
471 863 538 922 turn
551 857 587 921 in
601 856 698 922 bellis
714 853 937 937 suscipiendis
953 850 1108 930 audacia,
1123 854 1193 915 tum
1213 851 1251 914 in
1271 850 1314 914 iis

222 981 299 1046 quoe
330 963 523 1042 susceperat
545 957 756 1041 perficiendis
784 954 1122 1033 inconstantiam
1146 971 1212 1018 non
1238 969 1314 1015 esse

221 1059 358 1146 perfecti
373 1058 588 1142 Imperatoris
601 1057 701 1124 laude
715 1057 859 1140 dignum,
873 1056 943 1138 qui,
963 1071 1038 1122 cnm
1051 1056 1162 1120 hostes
1174 1052 1317 1119 summm·

221 1181 295 1226 mos
311 1161 438 1238 vicerit,
462 1164 558 1244 parta
577 1163 628 1224 nti
651 1159 793 1224 victoria
813 1155 954 1222 nesciat.
998 1156 1153 1221 Habebis
1166 1154 1268 1219 etiarn
1282 1153 1317 1217 iu

223 1262 389 1328 Romanis
418 1260 571 1338 ducibus,
604 1259 729 1337 Fabiis,
758 1254 918 1335 AEnriiiis,
944 1257 1172 1341 Scipionibus,
1198 1255 1256 1340 qui
1284 1261 1317 1320 te

223 1367 411 1428 constantes
435 1361 511 1426 illas
538 1367 572 1426 et
596 1366 746 1428 austeras
771 1361 807 1423 in
832 1360 942 1437 rebus,
965 1364 1036 1426 tum
1056 1357 1220 1435 secundis,
1248 1361 1317 1420 tum

223 1464 371 1529 adversis
401 1463 539 1528 virtutes
565 1461 738 1526 edoceant.
783 1459 855 1524 Ubi
883 1478 962 1524 vero
987 1459 1086 1525 dotes
1105 1460 1179 1524 illas
1202 1475 1318 1522 omnes

222 1566 322 1630 variis
336 1565 371 1629 in
385 1562 594 1647 principibus
605 1560 769 1626 hactenus
782 1560 953 1643 dispersas
966 1561 1047 1625 inte
1060 1580 1125 1626 uno
1136 1558 1318 1641 collegeris,

223 1664 409 1750 perlectum
423 1663 514 1727 illum
529 1662 728 1744 Principem,
751 1662 847 1744 cujus
869 1660 1008 1742 effigiem
1032 1662 1066 1726 in
1089 1659 1178 1745 Cyro
1200 1658 1318 1723 adum·

196 1759 200 1770 '
223 1767 333 1830 brevit
352 1764 560 1848 Xenophon,
575 1762 646 1827 orbi
666 1763 821 1826 universo
840 1763 1026 1827 exhibebis.
1069 1761 1137 1826 Sed
1156 1759 1237 1845 quid
1255 1778 1318 1842 ego

223 1867 403 1948 longinqua
417 1865 476 1930 illa
490 1873 524 1930 et
543 1868 682 1928 externa
704 1863 862 1947 exempla
883 1863 1026 1947 profero,
1049 1882 1125 1928 cum
1139 1862 1319 1948 praesentia

222 1974 255 2033 et
269 1967 451 2032 domestica
465 1967 664 2050 suppetauti
686 1965 790 2030 babes
803 1973 976 2049 parentem
996 1965 1206 2031 Ludovicum
1225 1983 1319 2046 mag·

223 2088 322 2148 nnm;
354 2067 443 2132 bunc
472 2085 573 2131 unum
601 2067 739 2144 intuere,
769 2066 858 2130 hunc
887 2071 1017 2153 specta,
1046 2066 1135 2130 bunc
1160 2085 1319 2150 sequere;

223 2171 311 2235 illius
325 2171 359 2234 in
375 2174 408 2232 te
430 2167 460 2231 si
482 2168 689 2250 expresseris
711 2167 864 2244 virtutes,
886 2167 950 2230 erit
970 2185 1050 2232 sane
1072 2186 1133 2231 cur
1146 2167 1318 2246 heroibus,

224 2275 383 2354 quotquot
407 2267 635 2351 superioribus
657 2268 795 2333 saeculis
817 2269 1007 2347 extiterunt,
1029 2267 1170 2333 multum
1190 2268 1320 2352 praesti-

223 2372 307 2436 tisse
330 2375 362 2434 te
383 2370 497 2434 merito
521 2367 681 2452 gloriaris.
726 2369 817 2434 Dum
842 2369 900 2434 ille
922 2370 1013 2436 bella
1033 2372 1130 2461 gerit,
1144 2371 1319 2455 atteritque

222 2465 337 2539 hostes
360 2472 493 2537 Gallico
511 2472 634 2536 nomini
649 2471 902 2551 infensissimos,
924 2479 962 2536 tu
984 2473 1113 2540 interim
1128 2472 1319 2557 pacificum,

224 2575 315 2659 quod
337 2580 455 2657 sponte
488 2572 549 2637 tibi
571 2572 719 2637 deserunt
740 2572 860 2637 cruditi
881 2592 1007 2653 omnes,
1030 2576 1197 2643 literarum
1213 2574 1320 2660 impe·

223 2676 308 2739 rium
322 2675 461 2758 accipe:
483 2678 552 2741 turn
573 2674 642 2738 duo
665 2673 766 2739 simul
789 2674 861 2739 sine
882 2674 953 2740 ulla
974 2676 1179 2742 dissensione
1194 2676 1320 2761 Reges,

222 2774 400 2840 Potentem
428 2780 462 2839 et
495 2774 631 2851 Filium,
660 2772 753 2856 quod
788 2792 958 2858 nunquam
986 2779 1133 2861 contigit,
1167 2781 1322 2846 universa

223 2877 441 2959 obstupescet
454 2874 577 2941 Gallia.
621 2875 685 2940 Ille
698 2876 797 2959 lenge
818 2876 953 2961 lateque
974 2879 1065 2961 leges
1086 2886 1121 2943 et
1133 2879 1215 2964 jura
1228 2880 1322 2945 dabit

223 2977 376 3060 populis3
399 2982 434 3041 tu
449 2977 607 3043 eruditis:
629 2976 685 3040 ille
707 2978 843 3060 prestus,
865 2980 973 3062 captis
984 2979 1140 3057 urbibus,
1163 2986 1197 3046 et
1217 2982 1321 3047 victo-

224 3077 283 3141 riis
298 3097 306 3157 ;
330 3082 367 3141 tu
381 3077 537 3159 singulari
553 3076 587 3141 iu
611 3077 761 3141 literatos
777 3076 925 3145 homines
944 3080 1172 3145 munificentia
1185 3081 1319 3147 Patrem

223 3176 371 3241 imitatus
395 3176 561 3243 Gallicum
585 3197 706 3242 nomen
734 3179 1002 3246 commendabis:
1034 3181 1166 3264 Regum
1189 3182 1260 3260 ille,
1285 3188 1321 3248 et

225 3277 317 3361 apud
329 3296 412 3343 suos
427 3284 460 3343 et
474 3278 563 3363 apud
576 3284 724 3357 exteros,
744 3279 948 3346 fortissimus
965 3281 1097 3365 andiet;
1119 3290 1157 3349 tu
1170 3282 1321 3351 eruditis·

223 3379 349 3443 simus:
369 3380 551 3461 gloriosum
567 3400 647 3445 saue
660 3380 832 3465 utriusque
848 3402 987 3465 munus;
1009 3385 1069 3449 sed
1087 3387 1150 3451 erit
1168 3404 1241 3451 sors
1261 3392 1321 3453 tna

223 3497 264 3543 eo
278 3478 415 3558 felicior,
431 3480 519 3563 quod
533 3480 586 3545 illi
606 3482 698 3546 nulla
717 3481 783 3546 nisi
805 3482 948 3551 bostium
961 3488 1120 3568 sanguine
1135 3494 1319 3569 cruentata,

223 3580 286 3644 tibi
301 3580 398 3647 viridi
412 3586 445 3646 et
459 3582 599 3647 innocua
612 3584 705 3647 lauro
724 3582 859 3664 cingere
869 3584 1010 3651 frontem
1022 3587 1143 3654 liceat:
1163 3590 1223 3654 ubi
1240 3608 1320 3657 vere

223 3699 315 3745 arma
338 3688 482 3747 tractare
503 3702 565 3766 per
585 3688 715 3750 aetatem
739 3684 883 3766 primurn
907 3686 960 3751 ias
984 3689 1058 3767 erit,
1085 3695 1154 3755 tum
1176 3693 1319 3759 bellicas

225 3780 380 3847 Parentis
394 3780 522 3861 laudes,
535 3784 710 3855 sciendam
723 3784 770 3849 rei
785 3785 950 3866 militaris,
964 3789 999 3852 in
1012 3792 1113 3857 rebus
1128 3792 1320 3859 ordinandis

223 3882 442 3965 prudentiam,
457 3884 492 3947 in
507 3884 716 3967 perficiendis
731 3886 932 3952 celeritatem
947 3895 980 3955 et
993 3889 1227 3972 fortitudinem,
1241 3914 1318 3961 curn

222 3982 417 4053 eruditionis
429 3984 533 4066 gloria
546 3984 592 4047 ita
617 3984 755 4068 jungere
779 3987 928 4066 studeas,
948 3995 985 4055 ut
1006 4011 1073 4056 non
1087 3995 1195 4061 selum
1208 3996 1320 4061 litera·

223 4088 334 4147 torum
348 4104 441 4150 amor
454 4090 487 4149 et
501 4084 615 4163 decus,
631 4085 690 4149 sed
712 4085 835 4153 Gallici
854 4090 955 4157 etiarn
969 4091 1100 4177 imperii
1113 4096 1319 4181 presidium,

225 4181 439 4269 hostiumque
454 4191 553 4251 terror
567 4186 699 4253 futurus
714 4188 772 4254 sis.
866 4235 882 4260 ‚-
