3084 4900
224 377 291 445 186
697 389 847 443 susurru

226 533 455 601 verumetiam
470 533 573 612 sileri,
593 536 810 618 parricidium
825 531 949 617 potuit:
972 541 1009 597 ut
1023 553 1067 598 ex
1081 531 1322 617 quinquaginta

224 635 340 700 liberis
354 653 451 698 nemo
465 635 620 701 inventus
647 636 702 713 sit,
731 655 829 720 quem
844 639 904 698 aut
917 639 1054 716 paterna
1070 635 1244 719 majestas,
1265 641 1323 698 aut

225 735 393 799 venantio
417 737 519 812 senis,
541 741 599 801 ant
625 735 829 819 indulgentia
850 729 967 820 patris,
998 754 1020 799 a
1044 737 1136 798 tanta
1164 733 1323 798 sceleris⁴

225 835 431 900 immanitate
460 841 639 900 revocaret
682 839 714 902 7.
744 834 883 900 Adeone
910 834 978 900 vile
1005 840 1177 919 paternum
1202 833 1322 899 riomen

226 935 317 1021 apud
347 943 399 1001 tot
418 953 553 1002 numero
581 937 670 1003 filios
698 938 786 1015 luit,5
813 944 862 1016 ut,
891 953 1032 1021 qnorum
1056 936 1216 1018 praesidIo
1233 941 1322 1000 tutus

225 1038 326 1103 etiam
351 1038 510 1103 adversus
532 1036 647 1103 hostes
670 1059 745 1103 esse
759 1038 930 1115 debuerat,
953 1055 1072 1102 eorum
1093 1036 1227 1101 insidiis
1256 1037 1322 1101 cir·

225 1143 430 1213 cumventus,
451 1138 552 1202 tutior
563 1141 607 1203 ab
620 1141 770 1205 hostibus
785 1158 885 1224 quam
901 1159 923 1202 a
935 1138 1013 1203 liliis
1028 1137 1154 1202 lueritl

268 1239 358 1306 Gar.
373 1255 412 1303 rr.
456 1241 487 1303 1.
509 1239 627 1306 Causa
640 1241 811 1328 parricidii
830 1239 1027 1306 sceleratior
1049 1239 1125 1324 ipso
1141 1237 1320 1323 parricidio

224 1341 297 1407 luit.
340 1339 372 1406 2.
395 1338 519 1405 Occiso
533 1344 662 1427 quippe
676 1342 765 1427 cyro
778 1343 941 1408 iratemo¹
961 1340 1067 1420 bello,
1081 1340 1181 1424 cujus
1195 1337 1321 1403 mentio

225 1459 328 1528 snpra
340 1441 458 1508 habita
483 1448 547 1522 est,
571 1443 752 1528 aspasiam
775 1443 929 1528 pellicem
945 1443 1022 1528 ejus
1034 1459 1099 1507 rex
1115 1439 1323 1506 Artaxerxes

225 1545 260 1610 iu
278 1545 524 1609 matrimonium
546 1552 726 1631 receperat.
778 1546 810 1610 3.
833 1545 934 1609 Hanc
955 1549 1085 1629 patrem
1106 1541 1223 1607 cedere
1245 1541 1322 1619 sibi,

225 1645 325 1710 aienti
337 1665 485 1728 regnum,
497 1646 620 1711 Darius
632 1645 884 1731 postulaverat:
906 1647 963 1730 qui
975 1663 1035 1729 pro
1043 1643 1247 1726 indulgentia
1259 1661 1324 1708 sua

225 1747 260 1811 in
280 1746 401 1810 liberos
423 1748 532 1829 primo
557 1745 721 1811 factorum
743 1747 951 1811 sedixerat:
974 1746 1007 1809 4.
1020 1763 1101 1809 mox
1123 1744 1323 1828 poenitentia

227 1844 359 1924 ductus,
374 1852 412 1911 ut
424 1846 559 1911 honeste
579 1851 723 1928 negaret,
747 1845 837 1930 qnod
858 1851 979 1912 temere
999 1844 1210 1928 promiserat,
1233 1843 1322 1908 Solis

226 1963 301 2012 earn
309 1945 514 2013 sacerdotiol
529 1946 692 2031 praefecit,
704 1966 773 2032 qno
783 1951 949 2031 perpetua
958 1945 1008 2010 illi
1020 1946 1063 2009 ah
1073 1945 1229 2010 omnibns
1241 1943 1322 2026 viris

226 2046 393 2134 pudicitia
419 2049 655 2133 imperabatur.
711 2052 743 2114 5.
766 2049 860 2113 Hinc
888 2049 1109 2113 exacerbatus
1125 2047 1260 2132 juranis
1287 2045 1324 2110 in

220 2149 331 2235 jurgia
344 2150 451 2236 primo
471 2150 579 2234 patris
593 2151 722 2235 erupitz
743 2171 825 2218 mox
838 2151 929 2216 iacta
951 2169 1025 2215 cum
1039 2149 1195 2214 fratribus
1210 2147 1324 2232 conju-

224 2251 363 2330 ratione,
377 2251 455 2317 dum
467 2253 554 2336 patri
568 2251 709 2318 insidias
729 2258 851 2339 parat:
864 2246 1104 2337 deprehensns'
1115 2268 1192 2315 cum
1206 2249 1323 2326 sociis,

224 2371 346 2436 poenas
367 2353 536 2437 parricidii
559 2353 636 2419 Diis
656 2360 804 2440 paternae
823 2355 1015 2441 majestatie
1035 2353 1195 2417 ultoribus
1217 2347 1323 2415 dedit.

226 2456 258 2519 6.
281 2454 449 2540 conjuges
464 2475 595 2541 quoque
610 2456 758 2521 omnium
769 2477 846 2522 cum
855 2456 1033 2532 liberis‚ne
1047 2453 1137 2538 qood
1149 2452 1324 2534 vestigium

225 2556 311 2620 tanti
327 2558 466 2621 sceleris
480 2558 821 2636 exteret,interfeotae.
862 2560 894 2625 7.
917 2559 1003 2623 Post
1024 2556 1099 2621 hoec
1117 2555 1324 2621 Artaxerxes

225 2648 342 2722 morbo
350 2676 394 2722 ex
408 2656 521 2723 dolore
536 2666 708 2724 contracto
723 2660 866 2737 decedit,
882 2678 942 2723 rex
956 2677 1058 2741 qoam
1073 2664 1171 2740 pater
1182 2652 1322 2719 felicior.

271 2756 426 2823 Gaetu.
469 2758 502 2822 1.
526 2758 720 2825 Haereditns
730 2758 947 2842 regniOcho⁸
962 2756 1325 2841 traditn,†qui,timcns

687 2922 867 2943 “MNO“

228 3020 375 3071 Arlnma.
397 3020 468 3072 Flor.
479 3019 541 3072 Ald.
549 3022 624 3073 Junr.
635 3021 826 3072 Arionem-t
835 3018 895 3070 Soet
905 3018 993 3069 addidi
1002 3033 1035 3069 aa
1047 3018 1128 3085 Magl.
1140 3017 1240 3069 Dorril.
1251 3020 1274 3067 1.
1285 3016 1327 3067 ed.

228 3084 301 3134 non.
315 3086 389 3137 Jnnt.
412 3084 504 3135 Cicero
515 3099 563 3149 pro
574 3085 657 3137 Calin
667 3090 693 3136 d.
717 3085 794 3135 ‘Nisi
805 3092 845 3135 tot
854 3084 973 3134 altiorum
984 3090 1059 3135 tanta
1069 3083 1214 3133 immanitas
1224 3082 1328 3146 quibua·

227 3147 287 3197 dana
296 3146 431 3199 facilitatis
441 3156 469 3199 et
480 3150 612 3213 patientlre
622 3149 751 3200 radlclbna
760 3148 908 3199 niteretur!
934 3148 1004 3199 Gell.
1017 3160 1066 3197 ιι.
1076 3151 1099 3197 1.
1110 3144 1129 3196 t'.
1152 3150 1160 3177 ⁴
1173 3148 1212 3196 Eo
1220 3144 1327 3195 coasilio

230 3212 553 3337 taritaAllrdamlanitwnn
561 3214 715 3264 denuntiata
724 3213 832 3264 eall-tt
844 3212 960 3263 Malebat
968 3210 1041 3262 Arna
1051 3224 1082 3261 ιι.
1091 3210 1155 3263 orn.
1167 3210 1295 3271 rafaim,

343 3310 350 3325 .
382 3282 436 3326 nnt.
499 3279 566 3329 reta.

720 3404 833 3455 Nom

224 3505 372 3572 juratorum
382 3506 558 3558 multitudine.
799 3512 966 3577 Peraaa‚qua
974 3504 1326 3561 reornmaffinesaimnleunr

261 3581 354 3633 ‘Solia
368 3599 422 3634 ean
439 3584 582 3650 mdia]
606 3584 666 3635 Non
684 3583 759 3650 Solia,
799 3585 862 3651 ipaia
875 3588 960 3652 perire
965 3585 1125 3651 jubeantnr3
1138 3582 1184 3633 aed
1195 3580 1262 3632 Ochi
1272 3596 1329 3632 crn-

229 3656 276 3708 aed
286 3658 455 3725 Dianmqna
466 3659 606 3710 Ecbatanla
614 3661 759 3726 colebatur,
799 3662 893 3713 daliter
912 3660 1052 3712 Artaxerxi
1071 3659 1216 3710 clementia
1232 3656 1328 3708 famam

229 3731 328 3785 iactam
339 3735 500 3785 sacerdotem
510 3734 601 3785 aerlblt
612 3736 684 3786 Plot.
799 3736 958 3788 eonrlliavlt.

176 3828 183 3835 ·
261 3814 273 3842 ⁸
299 3809 404 3860 lucidior
419 3808 503 3874 parat]
520 3810 665 3875 impulsore
683 3809 759 3861 'l'eri-
831 3821 844 3856 t
862 3812 938 3877 ocio]
956 3811 1008 3864 Qui
1019 3810 1077 3859 rivo
1091 3814 1167 3873 patre
1178 3822 1194 3859 e
1204 3804 1329 3858 iratribus

229 3882 295 3934 lm
710 3892 719 3915 ⁸
800 3888 908 3937 alterum
919 3885 1052 3936 calunrnlla
1070 3885 1102 3934 ad
1116 3898 1242 3933 venenum
1258 3896 1329 3934 eom·

261 3956 274 3991 l
293 3956 470 4022 Depreletraar]
494 3957 637 4011 Maniieato
654 3960 681 4009 ln
702 3974 758 4011 aee·
800 3962 912 4025 pulsnt,
922 3964 1032 4012 alteru·
1049 3958 1177 4023 decrepiti
1189 3958 1271 4024 patria
1287 3958 1333 4009 de·

225 4033 758 4099 lare‚operaliunuelri‚Artaxerxiajnsan,
799 4038 871 4088 liciae
878 4052 929 4101 per
947 4036 1093 4101 Berpalem
1108 4034 1229 4085 Teribaai
1240 4034 1276 4085 nt.
1286 4046 1331 4086 en·

230 4122 281 4156 una
292 4114 350 4157 eom
360 4106 483 4161 iratribus
491 4123 630 4176 eorumque
642 4112 759 4174 conjngl·
798 4120 901 4164 rararat
909 4111 1032 4163 interfici.
1047 4111 1120 4162 Plut.

230 4180 389 4234 bnaoccima
403 4192 459 4235 eat:
484 4186 648 4250 qnodrianm
663 4187 760 4239 ertall·
831 4185 892 4240 tel.
911 4188 951 4239 Μ.
971 4190 1046 4239 ⁸⁶⁹⁰.
1067 4186 1112 4237 01.
1134 4190 1191 4241 1⁰⁴.
1209 4191 1233 4239 1.
1250 4188 1283 4238 U.
1299 4186 1328 4237 C.
1455 4214 1457 4223 .

115 4316 121 4325 Ι
230 4261 489 4323 quantoerudelluu
513 4262 576 4312 licet
597 4262 639 4311 lex
660 4261 696 4310 ait
717 4274 759 4326 ap.
799 4266 856 4315 188.
869 4264 989 4314 Antclr.
1002 4266 1059 4314 161.
