3084 4900
140 415 143 422 Δ
258 375 302 447 38
523 390 755 441 rnnounnrn
781 393 826 440 nu
849 391 1094 442 rusuruours.
1143 406 1147 414 ·

259 536 466 601 Tarracone:
489 535 594 600 diluta
607 541 718 602 tamen
733 537 889 602 executio
902 542 1039 620 propter
1052 534 1262 615 negotiorum
1275 537 1362 601 mul·

261 636 429 703 titudinem
443 637 509 702 dio.
614 649 618 657 '

304 815 482 880 lonssns
497 791 827 880 Ssunsun'urnusrs
850 814 925 879 Iih.
937 833 970 878 v.
994 812 1154 879 Policrat.
1169 831 1245 895 cap.
1260 812 1314 875 12.

304 956 407 1037 Quod
420 964 461 1022 ut
474 976 606 1022 mecum
621 957 795 1041 conjicias,
809 957 1023 1022 collationem
1039 955 1193 1040 Philippi
1207 961 1242 1019 et
1253 954 1359 1019 Alex·

264 1058 370 1136 andri,
381 1058 492 1142 Trogo
509 1058 687 1141 Pompeio,
711 1057 766 1122 vel
780 1057 926 1136 Justino,
950 1057 1203 1140 compendiario
1229 1054 1313 1140 ejus,
1328 1057 1361 1120 si

262 1161 384 1238 meniu,
403 1166 551 1238 auctore,
565 1161 788 1224 revolvamus.
818 1158 879 1225 Ait
892 1179 990 1242 ergo:
1014 1160 1093 1225 Fuit
1107 1157 1286 1242 Philippus
1300 1175 1361 1220 rex

265 1280 431 1326 armorum
445 1280 548 1345 quarn
562 1261 791 1326 conviviorum
807 1259 1001 1340 studiosior,
1015 1265 1076 1326 hc.

297 1391 396 1442 Extunt
406 1393 451 1444 lib.
461 1406 500 1444 rx.
525 1393 622 1445 Justinl
634 1407 658 1442 c.
670 1397 693 1443 8.
719 1392 793 1442 ldern
803 1392 922 1457 Trogum
928 1392 1082 1457 Pompeium
1094 1390 1182 1442 multia
1190 1402 1294 1457 quoque
1304 1389 1362 1440 aliia

265 1455 327 1506 locis
338 1457 418 1508 citat:
431 1456 445 1488 ⁸
457 1464 488 1508 ut
497 1455 545 1507 lib.
556 1461 710 1522 rumpit.
721 1465 748 1506 et
761 1461 801 1507 17.
811 1456 858 1507 lib.
869 1470 931 1508 rrrr.
941 1471 999 1522 cup.
1010 1461 1037 1506 o.
1046 1464 1075 1507 et
1087 1461 1127 1506 18.

429 1595 637 1661 Msurmus
652 1596 835 1662 Ponorrus
858 1598 921 1661 ouh
935 1594 1104 1662 Antonino
1120 1596 1197 1661 Pio.

308 1729 359 1793 Eo
374 1737 519 1813 tempore
533 1729 646 1795 floruit
661 1728 845 1815 Pompeius
858 1730 1001 1814 Trogus,
1023 1731 1158 1796 natione
1173 1729 1361 1813 Hispanus,

266 1831 325 1913 qui
338 1830 438 1894 totius
454 1830 545 1895 orhis
555 1831 714 1896 historias
737 1850 759 1896 a
783 1837 934 1915 tompore
949 1829 1033 1895 Nini
1047 1832 1136 1914 regis
1151 1830 1362 1914 Assyriorum

265 1949 373 2016 usque
389 1931 432 1996 ud
445 1931 678 1996 Monarchiam
690 1932 837 1998 Caesaris
847 1932 968 1997 Latino
977 1951 1126 1997 sermono
1135 1931 1290 2009 deduxit,
1296 1932 1363 1997 dis·

267 2035 419 2116 tinguens
434 2052 492 2116 per
505 2032 612 2097 libros
629 2047 736 2098 κων.
759 2052 898 2116 qnorum
911 2032 1192 2098 abbreviutionem
1205 2033 1287 2098 fecit
1300 2033 1322 2098 J
1323 2053 1362 2098 u·

267 2135 375 2198 stinus
387 2136 459 2219 ejus
485 2133 687 2217 discipulus:
710 2134 768 2217 qui
782 2132 806 2197 J
807 2134 936 2200 ustinus
952 2133 1180 2217 Philosophus
1194 2132 1363 2200 Antonino

267 2235 332 2300 Pio
347 2235 467 2299 librum
482 2235 524 2300 de
538 2233 725 2300 Christiana
739 2235 897 2318 religiono
921 2236 1148 2318 compositum
1167 2234 1314 2313 tradidit,
1329 2241 1363 2299 et

267 2336 444 2418 benignum
460 2355 537 2401 eum
552 2334 750 2400 Christianis
764 2334 854 2400 feeit.

268 2503 289 2545 *
313 2503 539 2570 Mrrurrnus
552 2502 1006 2571 Wusruoussrnurnusrs
1021 2506 1057 2569 in
1073 2504 1228 2569 Floribus
1245 2502 1362 2568 Histo

567 2680 572 2689 ,
675 2608 796 2670 riorum
811 2624 886 2690 pag.
901 2607 955 2670 44.

312 2734 411 2801 Anno
436 2737 558 2803 divinae
581 2740 818 2803 iucarnationis
841 2740 874 2804 9.
896 2738 1032 2804 caesne
1058 2737 1210 2821 Augusto
1235 2738 1364 2821 imperii

269 2838 323 2901 sui
336 2838 393 2904 51.
415 2844 534 2920 ugente
548 2858 680 2916 annum,
696 2840 825 2923 Trogus
841 2841 1027 2923 Pompeius
1039 2838 1208 2904 Chronica
1223 2858 1285 2903 sua
1296 2847 1364 2902 ter·

268 2940 418 3017 minavit,
433 2940 466 3003 in
481 2939 602 3023 quibus
625 2942 724 3025 quasi
739 2940 859 3015 mundi
875 2941 1037 3024 praeteriti
1061 2960 1197 3007 cursurn
1226 2939 1270 3003 ad
1295 2960 1366 3005 rne-

269 3040 411 3105 moriam
437 3047 643 3124 posterorum
680 3040 824 3107 reduxit.
879 3040 936 3107 ltu
963 3061 1106 3126 namque
1133 3042 1364 3108 Romanorum

269 3142 506 3224 rempublicam
521 3148 553 3208 et
569 3161 670 3222 arrnu,
693 3164 770 3228 quac
793 3163 871 3225 gens
892 3144 953 3209 illa
974 3144 1040 3208 late
1062 3164 1121 3228 por
1135 3143 1249 3209 orbum
1264 3151 1364 3208 terra·

270 3261 342 3306 rum
357 3243 571 3322 circumtulit,
585 3246 628 3309 ab
644 3245 742 3309 initio
761 3264 869 3329 usqne
894 3244 937 3309 ad
963 3264 1112 3330 praesens
1137 3249 1272 3328 tempus
1286 3264 1364 3327 pro·

271 3342 428 3425 sequitur,
454 3350 499 3422 ut,
528 3346 586 3427 qui
613 3365 666 3410 res
693 3346 767 3429 ejus
791 3345 918 3428 legerit,
948 3346 992 3411 ad
1013 3345 1267 3411 construendum
1293 3344 1365 3409 Ro-

271 3462 405 3509 manum
434 3446 606 3529 imperium
635 3448 787 3513 virtutem
824 3454 860 3513 et
893 3449 1056 3514 fortunam
1091 3447 1203 3514 discut
1228 3453 1364 3511 conten-

273 3545 370 3608 disse.
