3084 4900
274 374 318 442 22
704 389 738 441 e.
757 389 937 441 nuonovrr

276 541 388 598 eutem
402 541 438 597 et
456 532 760 616 interpunctionem
780 529 900 595 menda
923 531 957 594 in
980 529 1075 594 hisce
1093 527 1266 592 innumere
1282 533 1364 591 suut.

278 633 415 698 Illarum
431 651 497 698 nnn
518 633 609 716 typis
623 651 754 698 excusa
767 632 831 696 init
844 651 866 694 a
879 631 1060 696 ancisco
1073 628 1251 710 Regnsult,
1263 628 1367 692 nitere

279 752 300 797 s
324 734 456 799 Joanne
482 734 634 809 Barbier,
657 734 753 798 tertie
775 733 942 798 odoenus
967 733 1067 808 Petit,
1090 732 1162 795 sire
1185 730 1305 807 Parvo,
1325 728 1368 791 de

279 834 378 917 cnjus
400 836 543 902 editione
564 835 654 902 Flori
680 835 1086 916 ct.‚1)ukerus¹aequnm
1111 851 1191 897 sune
1207 830 1368 915 judicium

281 935 367 1001 tulit.
399 937 537 1002 lllsrum
553 942 727 1013 contextus
743 937 920 1020 plurimum
935 923 1095 1019 qnantum
1105 932 1213 999 differt
1223 952 1244 996 a
1256 930 1372 996 Sobel·

280 1036 401 1114 licsno,
416 1044 450 1103 et
463 1039 660 1123 piemmque
670 1058 745 1103 cnm
755 1038 961 1104 Becburiauo
977 1036 1177 1120 conspirent
1219 1032 1371 1112 Qnutuor

210 1149 212 1155 “
283 1145 395 1206 sutem
410 1135 542 1224 δίστιχα,
568 1160 645 1224 qum
669 1146 789 1206 extent
810 1159 876 1205 nou
898 1140 1006 1205 solum
1021 1137 1140 1202 iubeo
1160 1130 1371 1210 Venete,ned

284 1237 413 1306 duobus
424 1241 526 1306 etiem
549 1243 814 1325 precedentibus
830 1242 989 1308 Sabellici
1004 1238 1221 1318 editionibus,
1233 1235 1374 1318 repetite

284 1349 360 1404 sunt
385 1360 430 1404 ex
453 1342 598 1406 editione
618 1349 696 1408 *ante
717 1345 857 1425 primaru
880 1343 1129 1408 Subsilicensm
1149 1334 1374 1423 publicete,iu
1513 1372 1524 1390 ·

286 1458 353 1520 que
369 1439 487 1506 Florus
502 1461 545 1506 ex
560 1443 752 1510 recensione
775 1443 929 1508 Beroaldi
946 1444 1048 1508 etiam
1066 1441 1219 1526 jungitur
1231 1436 1373 1502 Jmeno.

287 1540 361 1606 istu
374 1543 464 1626 typis
474 1543 686 1610 nitidissimis
698 1564 827 1611 excuso
837 1551 900 1622 eet,
916 1546 977 1610 sed
990 1546 1059 1610 loci
1074 1550 1109 1609 et
1122 1542 1202 1608 euni
1215 1536 1376 1604 iudicium

286 1649 318 1706 et
332 1646 531 1728 typographi
545 1666 666 1711 nomen
681 1647 714 1710 iu
736 1668 778 1713 ee
800 1648 1046 1712 desiderantur:
1068 1647 1142 1730 typi
1157 1651 1266 1710 nutem
1288 1659 1378 1723 pron

289 1767 347 1813 sus
372 1747 495 1812 similes
516 1755 591 1813 sunt
610 1747 663 1825 iis,
688 1750 809 1831 quibus
835 1748 1030 1813 Suetonium
1051 1745 1189 1812 excudit
1211 1763 1276 1809 uns
1301 1761 1376 1807 cnm

238 1843 240 1846 ’
290 1847 452 1914 Historiae
476 1846 641 1930 Auguste
675 1849 918 1931 scriptoribus,
951 1849 1116 1932 Eutropio
1140 1855 1243 1932 etque
1272 1844 1379 1909 Paulo

291 1947 457 2026 Diacono,
478 1949 501 2014 J
504 1969 631 2014 oannes
654 1949 797 2016 Rubeus
811 1951 854 2014 de
869 1949 1045 2028 Vercellis,
1060 1943 1381 2014 venetensium.

291 2045 345 2113 die
355 2065 420 2115 xv.
441 2050 535 2134 Julii.
580 2051 635 2116 Ad
651 2034 778 2118 calcem
794 2052 957 2136 Epistoiee
971 2051 1135 2118 Sabelliei
1148 2052 1182 2114 iu
1192 2050 1255 2114 hue
1269 2049 1382 2111 nomm

200 2216 205 2224 ,
262 2213 265 2222 ,
290 2151 433 2216 editione
446 2153 598 2217 additur:
621 2158 631 2188 ‘
645 2153 850 2235 impressum
865 2153 1045 2218 Venetiam
1058 2151 1144 2238 (leg.
1165 2145 1310 2231 Venetia)
1322 2165 1384 2232 per

291 2253 480 2348 magistrum
503 2252 663 2336 Josnnem
678 2253 868 2318 Tacuinum
884 2253 926 2318 de
940 2252 1078 2318 Tridino
1094 2265 1306 2316 mcccccvii.
1326 2246 1381 2309 die

294 2367 391 2417 xvir.
416 2353 520 2420 Maii!

337 2455 465 2534 Quinte
490 2458 667 2526 Florentite
692 2478 823 2524 excuss
845 2458 909 2523 init
931 2457 1021 2543 typis
1042 2454 1196 2538 Philippi
1209 2453 1325 2519 Juntre
1338 2447 1384 2515 Δ.

296 2572 392 2621 trux.
410 2558 445 2621 in
458 2558 503 2622 8⁰.
529 2569 666 2625 curante
690 2560 844 2625 Mariano
868 2559 1012 2633 Tuccio,
1034 2558 1131 2641 cujus
1155 2554 1198 2619 sd
1221 2552 1387 2618 Andreem

297 2656 554 2742 Mersuppinum
579 2661 737 2743 praeistio
761 2660 902 2725 accedit.
945 2658 1080 2724 Titulus
1102 2653 1290 2741 hujusmodi
1314 2662 1388 2716 est:

297 2758 473 2825 ‘tustinus
494 2780 564 2825 uun
587 2782 662 2827 com
688 2761 790 2827 Floro
816 2759 1024 2844 cestigetusz’
1045 2766 1078 2825 et
1095 2759 1140 2822 ed
1161 2757 1289 2822 enicem
1310 2754 1390 2818 iibri

299 2876 404 2923 xutv.
423 2862 562 2943 legitur:
586 2862 732 2927 ‘Justini
757 2862 904 2947 Hispani
930 2862 1090 2927 iiistoriei
1110 2858 1186 2923 Viri
1206 2855 1390 2921 Clurissimi

224 2962 226 2969 ’
298 2961 526 3046 Epitometum
535 2966 568 3029 iu
578 2952 680 3045 Trogi
693 2965 839 3048 Pompei
848 2962 1024 3029 Historias
1031 2963 1117 3027 liber
1132 2975 1259 3024 xurttr.
1272 2955 1392 3021 etuiti·

298 3082 371 3127 mus
394 3064 536 3130 feliciter
554 3066 629 3131 finit
640 3066 663 3131 :¹
693 3073 726 3132 et
747 3068 814 3131 fine
836 3066 912 3131 libri
934 3082 984 3129 tv.
1017 3064 1127 3129 Fieri:
1162 3060 1390 3144 ‘Impressum

301 3164 476 3233 Florentiae
491 3186 593 3251 opere
613 3175 712 3253 atque
727 3171 875 3251 impense
891 3166 1041 3250 Philippi
1061 3165 1096 3230 di
1116 3163 1244 3228 Giuntn
1258 3158 1395 3222 Floren-

299 3264 369 3340 tini,
385 3284 473 3331 enno
489 3288 510 3331 u
525 3268 649 3333 Christi
668 3270 841 3335 densitate
857 3286 895 3334 st.
911 3286 943 3331 o.
956 3284 994 3330 x.
1008 3266 1107 3330 tertio
1125 3259 1294 3328 Geleodus
1306 3257 1393 3341 (leg.

304 3360 475 3449 Celendus)
498 3368 685 3446 Februarii,
711 3371 816 3435 Petro
837 3369 996 3433 Sederioo
1020 3370 1180 3451 perpetuo
1194 3358 1394 3427 vexillifero

157 3446 162 3457 ¹
302 3466 483 3532 existente:
527 3470 626 3534 Hunc
653 3472 828 3535 editionem
860 3489 905 3533 ex
937 3488 1000 3533 sue
1024 3465 1235 3531 Bibliotheca
1258 3460 1396 3545 optimis

302 3566 543 3651 rarissimisque
556 3571 651 3635 libris
664 3572 822 3635 instructa
835 3590 962 3633 mecum
973 3567 1229 3633 communicavit
1236 3563 1299 3628 Vir
1313 3561 1398 3625 cier-

302 3666 446 3744 issimus‚
464 3668 579 3734 Petrus
592 3692 655 3735 ven
672 3674 825 3737 Damme.

796 3790 905 3839 norm
967 3759 970 3770 '

339 3880 393 3929 'io
407 3879 831 3949 prststtonsnnsaesstoroprs·
869 3883 978 3936 tosssts
995 3880 1087 3935 Periti,
1104 3880 1160 3927 sive
1183 3877 1271 3927 Porri.
1302 3876 1343 3924 Ex
1361 3876 1403 3925 his

303 3954 356 4004 ⁶²⁴⁸
368 3970 393 4017 p.
406 3960 445 4005 ¹⁰·
479 3958 712 4021 ‘Compsnrernm
725 3962 785 4011 rniiri
796 3963 833 4010 in·
871 3961 943 4024 prior
960 3959 987 4007 in
1006 3956 1078 4017 tolio,
1095 3959 1145 4005 dre.
1180 3952 1315 4002 Posterior
1332 3952 1358 4000 in
1373 3956 1403 4002 4.

304 4044 392 4093 snper,
413 4038 508 4094 preter
524 4031 658 4084 Editinnes
674 4038 832 4088 recentiores
871 4036 928 4085 siue
937 4041 999 4083 nots
1006 4033 1076 4093 suoi,
1083 4039 1123 4081 tot
1131 4029 1232 4095 glossis,
1240 4028 1311 4077 vitiis
1319 4027 1403 4089 serip-

307 4120 356 4154 non
367 4120 470 4170 punem,
486 4107 565 4172 illsnt,
575 4124 651 4174 quern
669 4120 795 4174 veterem,
804 4121 832 4163 st
873 4122 936 4161 rnre
948 4119 977 4160 et
987 4108 1193 4167 distinctionum,
1206 4112 1300 4165 restet,
1316 4103 1404 4153 utrix

307 4182 517 4244 vetustissimum,
542 4190 570 4234 et
589 4186 717 4237 interdum
739 4188 833 4251 princi·
873 4184 1092 4237 intermediocrcs
1100 4179 1296 4245 hsberipossit!

309 4266 377 4314 pent,
388 4265 466 4306 voest
476 4259 613 4322 Gruterus,
623 4268 649 4310 et
662 4261 833 4311 parisiensem
