3084 4900
169 310 275 376 ‘296
553 356 558 365 .
682 321 833 372 rosrrsr
914 324 916 338 ·

210 473 287 534 onte
314 467 700 554 elephantorum-forme
728 474 862 550 stupere
900 467 1020 549 primo,
1051 484 1134 532 mox
1169 460 1306 532 oedere⁶

210 570 340 654 praelio,
359 570 487 653 coligit3
508 572 720 652 victoresque
730 561 803 653 jem
818 588 905 632 nove
920 567 1142 632 Macedonum
1158 561 1307 632 monstra

209 674 359 755 repente⁷
374 673 532 737 vicerunt.
576 675 607 736 7.
631 671 705 738 Nec
720 669 875 736 hostibus
889 673 1058 736 incruente
1075 669 1217 734 victorin
1231 669 1304 733 luit.
1388 712 1396 728 .

211 772 301 838 Num
323 773 453 856 etipse
476 772 624 856 Pyrrhus
646 772 791 853 graviter
816 766 1019 835 vulneratus*
1041 776 1104 848 est,
1128 776 1161 834 et
1185 787 1306 851 magna

208 869 287 955 p'ers
300 872 441 936 militnm
455 872 530 956 ejus
545 892 655 950 cersu3
677 871 903 955 majoremque
918 871 1054 954 gloriam
1067 873 1140 957 ejus
1153 872 1304 938 victoriae

209 991 312 1055 quom
329 970 494 1038 lectitiem¹
508 973 639 1038 habuit.
681 973 714 1038 8.
737 972 850 1057 Hujus
873 991 996 1056 pugnae
1019 979 1173 1038 eventum
1189 972 1301 1036 multer

208 1073 383 1138 civitatesm
396 1081 522 1138 secutis
535 1073 663 1157 Pyrrho
678 1093 715 1138 se
731 1073 874 1138 trudunt.
903 1076 935 1138 9.
952 1074 1043 1139 Inter
1059 1082 1186 1139 ceteros
1201 1075 1303 1138 etium

207 1173 335 1251 Locri,¹²
348 1173 481 1257 prodito
501 1174 659 1258 precsidiu
685 1174 852 1251 Romano,
880 1173 925 1238 nd
953 1173 1111 1257 Pyrrhum
1137 1174 1302 1239 deficiunt.

208 1276 261 1340 10.
283 1275 339 1338 Ex
352 1295 392 1339 ca
405 1278 536 1358 pruedu⁰
550 1275 699 1359 Pyrrhus
724 1277 881 1341 ducentos
903 1279 1059 1359 captivos
1083 1276 1204 1341 milites
1234 1273 1301 1338 Ro·

208 1397 296 1442 mem
311 1378 414 1460 gratis
430 1379 567 1457 remisit,
582 1386 630 1456 ut,
645 1378 780 1462 cognitu
800 1379 917 1442 virtute
942 1378 1030 1462 ejus,
1055 1377 1201 1442 Romani
1224 1394 1302 1457 cog·

206 1484 383 1544 noscerent
396 1481 497 1545 etium
510 1478 751 1545 liberalitatem.
797 1479 849 1543 ll.
871 1477 1058 1563 Interiectis
1081 1478 1217 1543 deindo
1230 1476 1301 1541 die·

206 1579 281 1658 bus,
307 1599 383 1645 cum
405 1582 571 1646 sociorum
589 1582 760 1647 exercitus
784 1581 1044 1664 supervenisset,
1068 1581 1203 1644 iteratos
1217 1595 1301 1661 prm*

670 1728 846 1749 mm

204 1809 317 1872 Mnus
328 1811 372 1875 eph
387 1811 530 1866 seiron-o
548 1815 647 1864 Duker.
663 1813 695 1864 erl
711 1814 768 1862 Lir.
779 1825 877 1862 xxxrv.
894 1815 936 1862 tr.
957 1810 1070 1861 malebat
1086 1811 1210 1870 termut
1225 1807 1254 1856 st
1269 1822 1301 1858 es
1397 1801 1405 1811 “

205 1878 353 1939 absorptum
365 1876 443 1928 fucrit
454 1894 470 1927 a
481 1892 560 1943 praec.
572 1885 579 1907 ¹
591 1878 666 1928 mox?
693 1877 757 1926 Cum
770 1890 830 1926 vcro
841 1891 930 1926 omues
942 1877 1008 1925 Mac.
1019 1883 1167 1925 consumtor
1176 1874 1241 1924 deut
1249 1875 1301 1922 cesi.

205 1939 269 1988 mihi
280 1940 420 1991 verisimile
436 1941 467 1992 tit
478 1943 681 2005 rocemproeliec
691 1954 772 2004 marg.
786 1941 812 1988 ln
828 1948 945 1990 context.
966 1940 1105 2004 migrasse:
1123 1950 1205 2002 esque
1222 1937 1302 1987 etiem

204 2002 367 2054 desideratur
378 2005 405 2055 in
415 2005 482 2057 coll.
492 2006 527 2055 N.
538 2006 582 2056 cd.
597 2007 671 2055 Rom.
682 2003 799 2054 Verbum
807 2006 887 2054 serim
902 2004 961 2054 eod.
971 2019 1046 2054 sensu
1064 2002 1183 2053 absoluta
1194 2015 1301 2064 usurpe-

204 2066 243 2116 rit
253 2066 354 2117 Auctor
366 2082 384 2118 ι.
395 2073 419 2118 b.
428 2073 467 2120 1⁸.
484 2070 493 2098 ‘
505 2070 586 2120 Pulsa
594 2071 682 2134 itaque
693 2082 752 2118 curn
760 2069 898 2118 Persarum
910 2069 978 2118 acies
986 2068 1110 2132 paulatim
1119 2065 1244 2116 cederet?
1259 2065 1299 2114 lb.

205 2133 245 2180 1⁰.
257 2135 298 2180 21.
323 2132 429 2182 ‘Semel
444 2141 523 2198 etque
533 2135 629 2184 lterum
640 2131 793 2183 cedentibus
806 2132 911 2194 Persis,'
930 2139 959 2183 et
975 2145 1057 2182 xxxi.
1069 2136 1094 2181 o.
1103 2137 1129 2181 o.
1162 2132 1169 2159 ‘
1184 2129 1248 2180 Cum
1259 2143 1301 2178 ce·

203 2193 366 2250 dertosanus
377 2211 423 2246 res
441 2197 631 2247 cumcurl-t
650 2197 723 2248 Med.
733 2202 758 2246 2.
775 2199 852 2259 decep.
865 2196 934 2260 quod
953 2195 1058 2260 optimis
1076 2193 1244 2259 scriptoribus
1260 2198 1301 2243 ert

203 2257 335 2310 usitatum.
351 2262 440 2311 Plaut.
452 2263 568 2312 Mostell.
579 2275 606 2310 v.
617 2266 643 2311 2.
652 2265 695 2310 oi.
721 2261 779 2310 ‘At
800 2275 831 2310 ne
843 2262 885 2310 ille
896 2259 1025 2310 exclamat
1040 2259 1101 2310 dere
1122 2295 1128 2308 .
1142 2256 1301 2309 maximnm?

202 2323 308 2374 Terent.
325 2325 393 2376 Hoc.
410 2340 449 2376 ru.
462 2331 485 2377 l.
505 2330 530 2376 8.
558 2324 623 2375 ‘Ita
639 2324 767 2388 corripuit
781 2275 872 2388 herep.
893 2325 985 2373 tacitus
1003 2337 1061 2373 scre
1078 2338 1092 2372 s
1127 2322 1225 2372 liliam!
1249 2321 1300 2372 Ubi

204 2385 341 2477 Donatus:
369 2390 550 2455 ‘Derepentc,
567 2389 606 2452 ὑφ’
621 2387 655 2440 ἓν.
690 2391 767 2446 Nem,
785 2388 807 2438 ci
824 2389 992 2453 seperaveris,
1007 2401 1059 2436 non
1077 2395 1118 2436 est
1136 2388 1255 2436 Latinum
1271 2387 1301 2436 cie

810 2456 819 2481 ί

201 2447 1301 2583 ltili.uitullus:uiriliteiuititwits⁰t;s²li;.tt:.'{‘2¹li

203 2579 293 2644 dercp.
300 2581 454 2646 irrupisset!
474 2583 549 2633 Suet.
556 2583 666 2648 vespas.
676 2586 718 2632 28.
734 2586 742 2610 ‘
755 2583 820 2632 Cum
830 2582 900 2632 inter
910 2588 999 2631 cetera
1009 2580 1127 2645 prodigia
1138 2581 1299 2631 Mausoleum

698 2695 802 2747 NOTAE

234 2787 246 2821 ¹
268 2788 422 2854 Vu'lserutas]
440 2791 510 2841 Plut.
528 2791 623 2854 Pyrrhi
638 2792 729 2841 vulnus
770 2791 893 2855 loquitur,
910 2790 961 2843 luit
972 2806 1072 2857 megum
1084 2792 1197 2843 Grauios
1208 2792 1299 2842 civiter

200 2862 514 2930 edsecuudumprrelium
525 2866 616 2917 rct'ert.
770 2882 813 2931 sp.
840 2868 998 2933 Zephyrium
1031 2870 1241 2933 promontorium,
1272 2869 1298 2917 in

232 2933 240 2972 ¹
257 2942 335 2996 Quam
346 2941 468 3004 lotitiam]
485 2943 550 2992 Cum
561 2943 661 3008 Pyrrho
674 2944 729 3009 qui·
770 2942 920 2991 Brutiorum
933 2942 1054 3006 confinio,
1070 2958 1127 3008 quic
1148 2954 1174 2993 ct
1191 2944 1300 2993 Naricle

200 3016 260 3065 (lam
279 3017 483 3080 gratularentur,
499 3019 507 3046 ⁴
524 3017 551 3067 st
573 3018 677 3082 dcuno‚'
692 3020 730 3067 iu·
768 3030 785 3064 s
795 3017 887 3079 virgil.
899 3016 1003 3068 dicitur.
1037 3019 1087 3067 Vel
1103 3018 1299 3069 uLocrenribus

200 3094 268 3158 quit,
284 3094 340 3143 ‘lta
352 3093 498 3155 vicerimus,
512 3095 645 3145 actumdc
656 3095 729 3145 nobis
770 3090 868 3154 Ozolis,
885 3094 986 3143 Evante
1007 3093 1083 3155 ducc,
1100 3096 1140 3143 vel
1164 3093 1197 3143 ab
1216 3092 1299 3157 Ajace

199 3169 267 3217 crit!
299 3169 335 3218 Et
356 3168 485 3218 Romanoa
508 3168 683 3229 admiratus,⁴
703 3170 727 3220 Ο
770 3168 1002 3230 0ileo‚l.ocroruur
1016 3168 1301 3233 rege,coudite,utsit

199 3257 276 3308 quem
292 3243 386 3306 focile,'
402 3243 479 3305 dixit,
494 3245 581 3295 ‘orbis
593 3246 728 3309 imperium
768 3244 848 3293 Solio.
891 3282 892 3285 ,

157 3352 162 3362 ·
200 3332 339 3381 occupere,
355 3326 400 3369 sut
420 3319 491 3382 mihi,
507 3320 729 3383 Romanismiliti-
801 3328 813 3351 ⁰
830 3320 871 3369 Ex
890 3336 917 3369 ee
932 3321 1026 3383 podo]
1043 3320 1119 3369 Prius
1139 3326 1166 3369 et
1189 3320 1297 3384 Romam

199 3394 262 3454 bus3
279 3400 332 3455 sut,
348 3410 389 3444 me
402 3408 473 3458 rege,
491 3395 629 3446 Romanis?
661 3396 727 3447 Quae
769 3398 883 3458 cyneam
903 3397 1029 3461 Pyrrhus,
1048 3404 1075 3444 et
1093 3396 1230 3445 Tercutum
1246 3397 1299 3447 llo·

200 3470 271 3520 Plut.
284 3477 343 3533 poet
354 3472 495 3521 secundum
504 3472 621 3535 pralium
631 3477 727 3521 ncrret.
768 3470 837 3519 marri
850 3470 998 3519 Fabricium
1010 3472 1153 3539 miserunt„

231 3553 249 3577 '¹
266 3546 352 3595 rausa
362 3540 482 3610 Meter]
500 3547 728 3610 Pyrrhnr,suctus
801 3554 814 3585 Ρ
836 3546 972 3608 interiectis
990 3546 1085 3609 dosis]
1115 3547 1175 3598 ,lam
1203 3548 1297 3598 multos

198 3623 360 3672 Lucanorum
369 3629 397 3673 ct
405 3624 557 3673 Samnitium
568 3624 676 3686 viribus,
684 3624 729 3693 ob·
767 3622 870 3686 (lynces
891 3622 1039 3671 muneribus
1061 3628 1230 3687 corruperat:
1248 3623 1296 3673 scd

197 3701 253 3749 vias
264 3700 340 3750 urbes
352 3702 433 3765 cepit,
450 3702 489 3750 lta
505 3708 535 3751 ut
551 3716 602 3751 nou
620 3704 677 3767 plus
688 3707 728 3753 tt.
767 3700 837 3765 App.
850 3690 1025 3751 Cleudius'rlc
1046 3716 1109 3765 pace
1121 3703 1162 3767 egi
1180 3716 1238 3751 cum
1251 3717 1297 3751 su·

197 3775 310 3824 millibus
321 3775 466 3826 abessetab
477 3777 550 3826 urbe.
766 3780 857 3841 disset,
874 3780 900 3828 iu
917 3785 1036 3828 senatum
1054 3778 1189 3831 delerrita
1204 3781 1299 3844 jussit3

213 3851 242 3881 '¹
265 3850 349 3913 ueri]
376 3851 427 3900 Alli
449 3850 524 3901 Osoli
544 3853 616 3901 circs
635 3851 726 3903 fruces
765 3855 810 3904 uhi
822 3853 922 3915 effecit,
938 3861 968 3904 ut
979 3854 1012 3904 dc
1029 3869 1094 3917 pree
1113 3870 1171 3905 cunr
1183 3856 1296 3918 Pyrrho,

196 3922 273 3973 Sinus
288 3924 447 3975 Corinthiaci
466 3926 618 3987 incolentes,
634 3927 726 3978 AEtoiis
766 3930 815 3978 uisi
826 3930 977 3979 excessisset
993 3928 1082 3993 ltalia,
1098 3944 1148 3979 non
1166 3939 1295 3994 ageretur.

197 3998 321 4062 proximi:
340 4000 383 4050 elii
394 4001 577 4066 Epicnemidii,
588 4002 614 4051 in
625 4017 672 4053 ors
681 4006 726 4053 ad·
766 4005 807 4053 Ex
818 4005 890 4053 Plut.
901 4011 929 4054 et
941 4006 1051 4056 Zonare.

197 4086 273 4123 serso
291 4074 324 4123 ad
335 4076 425 4125 Sinum
433 4076 563 4138 OEtaerrm3
580 4079 622 4128 elii
633 4080 725 4143 Epise-
798 4091 809 4123 t
827 4081 930 4146 Iterato]
960 4082 1000 4131 Ad
1020 4082 1141 4132 Asculum
1162 4082 1296 4147 oppidum,

198 4148 290 4213 phyrii.
324 4150 402 4201 Locri
424 4151 501 4216 eninr,
518 4153 551 4202 tle
571 4155 663 4219 quibus
683 4154 725 4207 hic
765 4158 809 4209 nbi
821 4158 937 4223 Pyrrhus
949 4159 1070 4208 llomsnis
1085 4159 1229 4224 transgredi
1248 4157 1318 4209 iiu-¹
