3084 4900
120 397 124 410 ·
212 375 234 440 8
631 389 666 436 ιι.
689 387 873 436 ononourr

208 551 280 598 mus
295 537 435 598 octavus
448 530 600 614 explicit.
629 531 752 616 Incipit
763 532 848 598 liber
863 538 938 594 xx⁹
949 527 1078 594 nonus?
1106 528 1147 592 ln
1160 530 1303 608 rudrricu,

209 653 286 716 quie
302 633 390 697 libro
405 647 499 696 xnn.
514 633 738 710 summittitur,
753 634 821 698 duo
836 633 964 697 numeri
978 633 1120 709 barbari,
1134 633 1192 714 qni
1205 631 1306 711 vulgo

210 735 302 800 ciirae
314 734 481 811 dicuntur,
496 741 685 812 occurrunt,
701 755 822 818 nempe
835 723 868 799 2.
882 741 916 800 et
929 734 961 798 3.
1005 737 1015 768 ‘
1031 732 1186 816 Pompeii
1199 733 1305 814 Trogi

210 835 484 919 quadragesimus
500 836 536 900 2⁹
548 835 632 900 liber
646 836 799 918 explicit.
823 835 950 919 Incipit
962 832 1237 916 quadragesimus
1248 833 1307 900 8⁹3

212 937 296 1002 Fine
310 938 388 1002 libri
404 953 515 1000 xnrv.·
525 943 606 1019 post
620 935 784 1018 ‘redegit'
798 935 932 1000 additur
952 934 1020 1000 ‘Et
1034 951 1194 1000 cursus.

224 1073 226 1076 ·
253 1038 411 1123 Pompeii
422 1038 525 1122 Trogi
537 1039 682 1122 epitome
698 1037 910 1102 historiarum
923 1035 1008 1101 liber

224 1179 227 1186 ·
255 1139 538 1223 Quadrugesirnus
555 1145 694 1222 quartus
715 1137 892 1221 Explicit!

213 1241 252 1306 In
266 1241 331 1306 fine
345 1241 510 1308 adduntur
523 1241 559 1306 bi
572 1259 704 1306 versus:

256 1342 401 1426 Quando
415 1344 540 1407 bonum
554 1342 653 1420 tucis,
667 1347 702 1406 et
715 1342 816 1407 corde
833 1343 958 1407 mulum
973 1341 1157 1421 mediteris,

255 1446 397 1524 Oscula,
411 1465 488 1530 qum
502 1444 525 1510 J
527 1445 612 1509 udus
628 1443 758 1509 Christo
774 1443 874 1522 dedit,
888 1443 963 1508 haec
976 1445 1059 1507 mihi
1073 1452 1112 1508 tu
1124 1444 1199 1509 dus.

256 1549 327 1613 Hic
340 1547 452 1638 codex
474 1546 554 1610 olim
569 1544 632 1609 suit
644 1544 668 1609 J
670 1546 788 1609 oannis
801 1553 838 1609 et
851 1544 990 1609 Nic'olui
1004 1545 1309 1623 Parmentariornm,

212 1671 254 1716 ec
268 1650 388 1714 deinde
401 1647 475 1712 viri
497 1646 711 1724 nobilissimi,
726 1646 749 1712 J
751 1647 871 1710 oannis
897 1646 1071 1725 Pnnbnsii,
1084 1648 1145 1730 qni
1166 1648 1308 1712 eundern

104 1744 110 1752 ’
148 1815 150 1820 ,
213 1752 352 1816 Parisiis
366 1751 432 1814 sibi
446 1749 663 1831 compererit.
707 1749 945 1830 Evnlgeritex
958 1748 1078 1839 eodem
1098 1749 1228 1832 aliquot
1240 1749 1310 1814 lec·

212 1855 317 1918 tiones
340 1852 381 1916 cl.
397 1849 621 1928 chhornius,
634 1870 774 1933 querum
797 1850 875 1914 uliae
902 1849 1039 1914 Codicis
1063 1851 1239 1933 scripturae
1258 1871 1311 1916 re·

214 1954 389 2039 spondent,
406 1951 486 2015 elice
499 1952 542 2015 ab
558 1969 600 2014 ea
613 1949 813 2035 discrepent,
828 1959 867 2016 ut
883 1969 938 2016 ιιι.
952 1953 984 2016 2.
998 1952 1053 2017 10.
1071 1950 1314 2016 Patrimonium

214 2052 352 2120 omuibus
374 2052 490 2117 suasit:
512 2051 572 2115 ubi
594 2055 707 2116 notat:
731 2048 877 2116 ‘Codex
892 2051 1097 2134 Leydensis,
1110 2053 1183 2116 item
1192 2053 1311 2118 suasit!

213 2157 262 2222 At
275 2157 383 2222 solum
397 2155 470 2220 item
483 2158 577 2219 extat
596 2153 631 2218 in
651 2150 716 2218 hoc
732 2153 872 2233 Codice,
894 2162 998 2237 utque
1019 2155 1070 2218 ite
1091 2155 1128 2218 in
1142 2155 1233 2234 aliis,
1249 2157 1309 2240 qni

213 2277 277 2341 pro
291 2257 388 2320 suerit
402 2256 484 2320 dent
498 2255 580 2316 item.

258 2375 317 2422 ιιι.
330 2359 362 2422 5.
375 2358 407 2422 3.
433 2351 659 2440 Crmrpr'rutius.
682 2353 772 2420 ‘Mn
783 2355 972 2440 Ieydensis
981 2356 1183 2424 conciuitius!
1205 2358 1313 2425 Immo

212 2462 308 2546 prius
321 2470 376 2525 est
391 2462 427 2524 in
444 2460 511 2525 Ms.

259 2580 308 2629 ιιι.
322 2566 354 2628 d.
368 2565 401 2628 7.
423 2560 476 2625 Au
500 2558 546 2623 tu
567 2558 705 2624 mittitur
721 2558 877 2646 Gylippus
897 2560 988 2639 solus,
1003 2559 1057 2623 set
1077 2561 1112 2624 iu
1126 2582 1188 2647 quo
1210 2561 1312 2627 iustus·

214 2664 348 2727 omnium
362 2661 550 2728 auriliorum
564 2670 643 2724 erut.
687 2664 698 2694 ‘
712 2660 780 2726 Ms.
802 2662 902 2727 habet
915 2660 968 2724 Au
980 2662 1029 2725 tis
1043 2662 1180 2725 mittitur
1197 2660 1313 2747 Gylip-

212 2786 272 2849 pur
287 2762 411 2829 classem
431 2760 725 2827 Lucedemuuiorum
744 2759 837 2840 solur,
851 2760 904 2825 sed
920 2762 955 2825 iu
969 2784 1041 2848 quo,
1061 2762 1112 2836 dre.
1155 2764 1267 2850 Supra
1279 2766 1312 2829 ri

216 2864 297 2929 retur
324 2866 486 2949 scriptum
509 2869 561 2929 est
584 2881 606 2927 u
629 2862 764 2928 librario
787 2863 936 2929 vuour!
990 2863 1132 2964 Codicis
1148 2868 1314 2951 scripture

874 2966 914 3007 Ἡ
1329 2975 1337 2989 ·

216 3024 289 3090 haec
315 3028 384 3088 est:
408 3021 462 3086 Ab
484 3020 531 3086 uis
555 3005 692 3086 mittitur
722 3016 871 3106 Gilippus
892 3021 1015 3087 classem
1042 2999 1315 3091 Lucedemour'eum

317 3127 374 3165 cAT

217 3181 376 3267 euritirby
390 3180 481 3259 retus,
494 3179 548 3245 sed
559 3200 631 3267 quo.
677 3181 714 3244 ub
728 3191 819 3247 uacut
834 3182 965 3249 eddidit
976 3186 1142 3265 librarius,
1153 3192 1189 3251 nt
1203 3191 1313 3252 osten-

217 3286 319 3364 deret,
331 3286 370 3345 τὰ
384 3282 506 3347 classem
523 3282 638 3351 Laced.
651 3283 777 3349 auxiliis
783 3307 809 3372 y
821 3286 1003 3365 abundare,
1016 3295 1050 3352 et
1062 3306 1104 3351 ne
1119 3289 1315 3371 scripturum

215 3387 315 3451 tituru
331 3387 526 3471 inquinaret
571 3387 754 3453 Indnxeret
774 3388 907 3453 eumin
930 3407 1075 3454 errorem
1087 3390 1241 3473 repetitio
1254 3410 1316 3455 no·

153 3498 157 3506 “
216 3488 315 3552 minis
328 3489 466 3573 proprii,
483 3485 652 3574 Gylippur,
676 3488 767 3573 quod
783 3490 888 3573 poulo
911 3495 991 3575 post
1013 3492 1176 3575 sequitur:
1202 3490 1316 3578 Gylip-

214 3608 274 3672 pus
288 3586 410 3653 ciuueu
426 3586 643 3655 lacedemone
657 3612 735 3671 cum,
750 3590 802 3667 &e

261 3706 297 3755 v.
311 3691 343 3755 6.
365 3690 396 3757 8.
422 3688 524 3755 Tanta
546 3692 645 3757 uirtus
668 3693 841 3757 animorum
862 3702 943 3772 erut,
967 3702 1014 3769 ut,
1040 3713 1108 3757 eum
1127 3692 1224 3778 poulo
1244 3704 1316 3758 unte

218 3788 347 3855 sulumm
358 3790 597 3876 desperaverint,
613 3814 692 3857 uuuc
705 3814 767 3857 riou
782 3792 940 3877 desperent
953 3793 1129 3882 victorium.
1155 3794 1212 3860 Ad
1225 3795 1315 3861 bunc

218 3894 329 3959 locum
355 3894 473 3960 scribit
498 3894 727 3962 Boxbornius:
761 3894 867 3962 ‘Non
891 3902 1052 3962 tentarem
1079 3896 1169 3961 bnnc
1188 3899 1315 3979 locum,

219 3996 284 4061 nisi
298 3997 336 4060 in
349 3998 487 4081 optimae
502 4002 589 4061 notae
612 3998 729 4063 codice
750 3998 909 4064 leidensi
922 3996 1021 4080 longe
1034 3997 1134 4063 uiiter
1145 3998 1220 4064 baeo
1234 4019 1316 4065 exu-

219 4105 292 4163 rutu
305 4098 507 4171 invenirem:
528 4118 646 4187 nempe
668 4099 733 4169 hcc
757 4102 877 4168 modu:
904 4097 1008 4169 Yuutu
1028 4099 1127 4164 uirtus
1141 4100 1315 4181 animorum
